3126 5256
796 680 859 746 140

287 857 354 897 cum
374 835 566 914 participium
587 835 752 912 praesentis
774 827 930 914 ἀπούρᾱμι
949 855 1004 912 pro
1027 826 1178 915 ἀποΕρύω
1195 835 1298 897 usitati
1320 838 1370 917 (cf.

286 932 437 1017 ἀπούραις
458 938 544 997 Pind.
567 939 658 1016 Pyth.
673 945 701 997 4.
724 959 754 1000 v.
773 942 842 996 149.
873 938 924 997 ubi
947 937 1089 998 Aeolicus
1115 958 1179 998 mos
1200 938 1371 1016 productio·

286 1059 356 1100 nem
386 1041 529 1102 vicariam
557 1039 680 1117 propria
709 1041 858 1116 scriptura
888 1039 1074 1116 exprimendi
1103 1040 1250 1124 serretur)
1281 1045 1372 1120 atque

286 1133 409 1220 ἀπηύρᾶ
430 1142 480 1203 vel
502 1132 636 1219 ἀπεύρᾱ,
663 1148 698 1200 ut
721 1141 781 1200 iam
802 1141 952 1202 chcckio
973 1141 1072 1201 visum
1094 1145 1153 1215 est,
1182 1142 1242 1201 fuit
1261 1142 1371 1220 imper·

284 1245 395 1304 fectum
417 1244 463 1304 cui
485 1263 565 1320 usus,
588 1250 734 1321 tyrannus
752 1243 803 1302 ille
817 1243 946 1318 linguae,
968 1243 1072 1302 aoriiti
1087 1242 1240 1302 notionem
1254 1243 1373 1320 inpegit

285 1346 325 1425 (v.
343 1347 455 1407 Buttm.
472 1347 496 1405 I.
518 1367 547 1423 p.
563 1347 613 1405 72.
631 1351 679 1404 80.
702 1365 731 1403 n.
749 1351 767 1403 9
791 1346 842 1423 qui
863 1345 1011 1422 ipsenon
1033 1350 1114 1403 recte
1135 1346 1261 1404 formam
1283 1331 1372 1422 εὗρον

285 1445 421 1523 adtulit);
452 1452 644 1522 augmentum
664 1467 735 1510 vero
758 1452 810 1506 aut
830 1449 868 1506 ab
889 1448 927 1506 iis
950 1445 1002 1524 qui
1023 1448 1152 1523 priscam
1171 1446 1372 1506 litteraturam

285 1549 398 1608 Ionicis
413 1549 566 1608 elementis
581 1551 840 1610 accommodarunt
854 1550 930 1608 falso
947 1567 967 1624 η
983 1548 1127 1625 scriptum
1144 1554 1197 1607 aut
1212 1548 1273 1608 iam
1291 1553 1370 1622 ante,

287 1651 358 1729 quia
378 1652 517 1711 formatio
532 1671 603 1711 mox
624 1652 656 1709 in
672 1651 853 1712 oblivionem
875 1651 990 1711 abierat
1004 1654 1094 1729 atque
1109 1650 1146 1708 de
1160 1650 1269 1710 ficticio
1285 1669 1371 1729 prae·

286 1752 364 1811 senti
386 1743 534 1832 ἀπααράω
556 1754 640 1812 cuius
662 1773 808 1832 nusquam
829 1759 876 1812 est
895 1752 1055 1826 vestigium
1077 1752 1279 1830 cogitabatur,
1302 1771 1371 1830 pro·

284 1854 454 1914 nuntiatum
482 1856 574 1914 fuisse
594 1873 655 1932 (pro
684 1859 851 1933 exspectato
882 1848 1012 1932 ἀπέ-νρα
1039 1853 1207 1914 Abrenaius
1235 1853 1372 1928 gnaviter

286 1956 468 2030 excogitavit
491 1957 627 2016 omnibus
646 1957 710 2015 fere
726 1956 961 2016 adsentientibus
983 1955 1024 2034 (v.
1041 1955 1148 2030 Bergk.
1169 1957 1206 2015 de
1224 1956 1292 2014 hist.
1310 1953 1370 2013 litt.

285 2077 313 2133 p.
334 2061 402 2116 115.
426 2062 542 2116 n.169.
587 2059 668 2117 (tart.
693 2059 729 2116 de
751 2060 832 2119 verb.
855 2079 884 2136 p.
906 2062 975 2116 193.
1003 2057 1055 2136 qui
1082 2058 1148 2117 iure
1168 2058 1371 2132 Bragmanum

285 2178 313 2236 p.
335 2164 393 2218 166
416 2179 436 2235 η
458 2159 605 2233 digamma
628 2159 762 2238 quamvis
784 2160 817 2218 in
834 2181 854 2218 υ
875 2159 1021 2219 mollitum
1044 2165 1089 2219 aet
1105 2159 1281 2236 productum
1302 2177 1370 2235 pro·

234 2257 238 2264 ’
285 2261 461 2321 clamantem
491 2281 551 2320 non
573 2261 734 2338 probavit).
777 2261 906 2321 Adcedit
925 2261 1066 2322 videlicet
1094 2261 1121 2320 ei
1151 2259 1285 2338 opinioni
1313 2277 1372 2341 qua

285 2365 398 2423 formae
421 2355 558 2439 ἀπούρας
580 2355 704 2442 ἀπηύρα
732 2385 787 2442 pro
808 2362 968 2425 Aeolismie
995 2367 1132 2440 receptae
1154 2364 1316 2422 creduntur
1337 2379 1372 2420 ea

285 2465 512 2540 argumentandi
527 2466 722 2542 probabilitas
738 2485 827 2545 quam
842 2485 880 2524 ex
894 2469 975 2524 certe
990 2466 1058 2524 sede
1074 2484 1180 2525 vocum
1195 2464 1371 2536 derivamus,
1452 2453 1461 2457 ’

285 2568 322 2624 de
342 2587 401 2646 qua
415 2568 476 2626 iam
490 2568 635 2626 chrsius
651 2568 688 2625 ad
706 2567 930 2626 Lachmannum
945 2566 1036 2644 (Betr.
1055 2587 1084 2643 p.
1100 2567 1131 2644 7)
1148 2567 1280 2643 scripsit;
1302 2584 1372 2624 nam

285 2670 399 2727 formae
420 2667 454 2726 in
476 2669 565 2728 certis
586 2669 722 2730 formulis
745 2686 861 2744 semper
881 2687 1020 2729 versuum
1043 2667 1204 2726 clausulam
1216 2668 1370 2727 “obtinent

284 2761 433 2846 Ἀπούρας
450 2770 487 2828 de
502 2771 591 2829 rebus
606 2774 780 2847 usurpatum
795 2769 935 2843 legimus:
958 2762 1115 2846 ἐλεύθερον
1132 2756 1211 2847 ἦμαρ
1235 2761 1371 2845 ἀπούρας

287 2871 321 2928 Ζ.
340 2876 409 2930 455.
446 2871 484 2930 Π.
507 2877 578 2931 331.
612 2874 639 2930 Y
658 2876 725 2929 193.
755 2866 843 2950 γέρας
871 2863 962 2940 αύτύς
990 2862 1127 2950 ἀπούρας
1148 2873 1186 2928 A.
1207 2877 1278 2930 356.
1300 2871 1369 2930 507.

285 2973 334 3051 (Β.
348 2973 433 3050 240.)
450 2966 539 3050 τεύχε’
555 2966 693 3054 ἀπούρας
706 2976 746 3031 Λ.
759 2979 830 3033 432.
850 2965 953 3050 θνμύν
965 2965 1103 3051 ἀπούρας
1119 2972 1156 3032 Φ.
1171 2979 1243 3032 296.
1258 2993 1284 3032 ν.
1297 2973 1369 3032 270.

284 3067 424 3154 ἀπηύρα·
455 3061 527 3155 ἦτορ
550 3068 674 3156 ἀπηύρα
689 3078 729 3136 Λ.
748 3081 816 3135 115.
846 3075 884 3134 Φ.
903 3080 974 3134 201.
1004 3073 1045 3132 Ω.
1062 3079 1110 3134 50.
1143 3059 1227 3150 stipor
1247 3066 1369 3153 ἀπηύρα

288 3177 323 3235 Ο.
339 3183 407 3237 462.
424 3170 513 3254 τεύχε’
530 3170 653 3258 ἀπηύρα
663 3179 702 3236 Λ.
716 3183 787 3237 334.
803 3179 834 3238 Ρ.
851 3183 920 3237 125.
936 3196 1013 3255 quae
1027 3177 1120 3238 verba
1134 3180 1237 3235 auctor
1251 3176 1371 3236 diremit

284 3279 385 3340 verbis
414 3280 566 3338 nonnullis
594 3280 780 3356 interpositis
813 3281 851 3338 Ψ.
874 3283 945 3338 600.
977 3270 1081 3354 θυμύν
1110 3269 1231 3355 ἀπηύρα
1261 3279 1296 3338 Ζ.
1322 3279 1368 3337 17.

285 3380 324 3438 Κ.
341 3383 412 3438 495.
438 3381 477 3438 Π.
496 3385 566 3451 aas.
591 3382 618 3439 Ρ.
636 3386 707 3440 aas.
722 3383 754 3438 r.
772 3384 843 3438 roo.
864 3380 901 3438 c.
920 3381 989 3440 179.
1007 3382 1031 3438 a,
1048 3384 1119 3438 ace.
1142 3371 1231 3462 tapes
1247 3372 1370 3456 ἀπηύρα

284 3494 311 3539 ο.
330 3481 401 3539 273.
424 3473 480 3548 ούς
499 3471 563 3538 ποτ’
581 3472 702 3560 ἀπηύρα
724 3482 762 3540 Ψ.
781 3485 852 3539 291.
872 3480 1002 3559 (equos);
1025 3482 1061 3540 de
1077 3481 1212 3557 personis
1234 3481 1282 3540 his
1296 3480 1369 3540 locis

285 3581 479 3640 dictumest:
508 3579 663 3656 κλισίηθεν
691 3574 829 3660 ἀπούρας
848 3581 871 3638 I.
891 3582 959 3641 107.
982 3581 1143 3661 (Βρισηΐδα
1171 3585 1208 3642 ct
1228 3583 1267 3642 A.
1285 3583 1369 3661 356.)

284 3676 323 3760 ἣν
344 3674 403 3742 τότ’
424 3675 547 3762 ἀπηύρα
563 3684 587 3742 Ι.
603 3684 673 3742 273.
697 3679 877 3761 (Βρισηΐδα).
907 3674 1018 3752 πόντος
1033 3678 1067 3742 de‘
1084 3681 1116 3742 ol
1133 3675 1227 3744 ούτιν’
1246 3678 1369 3764 ἀπηύρα

283 3807 311 3866 γ.
333 3791 403 3845 192.
446 3789 589 3848 Auctores
614 3791 713 3846 autem
738 3784 810 3844 libri
833 3785 853 3841 I
878 3803 965 3864 quem
986 3785 1196 3846 Lachmannus
1218 3808 1247 3864 p.
1266 3793 1306 3846 26
1324 3809 1369 3867 sq.

285 3889 406 3949 omnino
428 3890 603 3949 recentioris
634 3888 757 3964 originis
786 3887 984 3964 suspicionem
1005 3907 1125 3949 movere
1150 3887 1228 3949 vidit
1249 3893 1280 3948 et
1299 3890 1371 3952 libri

292 3993 331 4052 Ψ.
354 3992 395 4069 (v.
412 4013 441 4069 p.
458 3991 510 4068 83)
539 3996 573 4050 ut
593 3991 653 4050 iam
681 4011 766 4050 usum
787 3989 931 4050 formulae
953 3989 1107 4066 paululum
1133 3995 1298 4065 noverunt,
1328 3992 1371 4052 ita

285 4112 395 4154 novam
415 4094 542 4152 formam
558 4096 584 4153 Ι.
607 4097 682 4167 sing.
704 4093 774 4169 imp.
803 4083 949 4167 ἀπηύρων
974 4111 1029 4170 pro
1051 4084 1186 4169 ἀπεύραν
1214 4093 1251 4152 de
1277 4095 1370 4155 verbo

284 4195 318 4254 in
333 4215 391 4252 -αω
407 4200 558 4256 contrecto
574 4195 729 4256 deductam
744 4192 881 4273 (quacum
896 4193 1025 4254 Sounius
1038 4195 1072 4254 iu
1082 4196 1184 4255 Kuhn.
1199 4213 1268 4256 ann.
1279 4195 1370 4254 XIII.

284 4315 314 4372 p.
330 4302 401 4357 434.
425 4317 463 4356 ex
476 4297 619 4358 Lobeokii
634 4298 672 4356 ad
686 4297 797 4354 Buttm.
813 4297 854 4354 II.
877 4316 908 4374 p.
926 4300 985 4354 152
1008 4296 1217 4358 additamentis
1232 4286 1371 4371 ἀπέδρων

216 4381 219 4388 ’
284 4416 339 4474 pro
362 4389 496 4480 ἀπέύραν
518 4398 655 4476 contulit)
684 4397 841 4458 admittere
869 4418 930 4458 non
952 4399 1104 4473 dedignati
1126 4403 1210 4459 snut:
1237 4389 1277 4471 ἣν
1304 4385 1367 4454 ro'a'

285 4490 433 4579 ἀπηύρων
460 4502 486 4562 I.
512 4505 569 4562 131
601 4501 650 4580 (de
675 4499 753 4561 Bria.
782 4502 819 4561 cf.
841 4520 870 4563 v.
892 4501 966 4579 273)
996 4492 1126 4581 θώρηκα
1155 4531 1197 4544 -
1225 4487 1370 4575 ἀπηύρων
