3126 5256
873 789 934 856 166

357 955 451 1025 'quum
471 961 541 1006 sana
556 945 700 1006 sermonis
718 944 845 1006 colorem
867 945 1016 1017 curabant,
1039 962 1126 1024 qnam
1145 943 1359 1004 consuetudine
1376 962 1453 1007 ean·

363 1046 452 1108 citiim
470 1047 522 1128 qui
541 1046 633 1110 secuti
649 1053 726 1120 sunt,
749 1065 808 1126 qno
826 1045 964 1122 gravitffi
985 1052 1015 1107 et
1029 1045 1174 1106 maiestati
1190 1045 1351 1106 carminum
1374 1065 1454 1106 con-

363 1147 502 1224 sulerent,
525 1168 610 1228 quam
628 1149 755 1208 maxime
772 1148 919 1210 adfectare
938 1153 969 1209 et
985 1147 1113 1210 retinere
1128 1147 1270 1222 solebant,
1292 1147 1325 1206 in
1339 1148 1455 1208 ceteris

364 1251 482 1330 quidem
503 1252 592 1313 rebus
618 1269 711 1328 genus
732 1250 873 1331 loquendi
901 1250 1029 1328 simplex
1055 1268 1153 1328 neque
1174 1248 1365 1310 dialectorum
1388 1249 1453 1310 dis-

364 1353 523 1431 crepantiis
539 1355 672 1414 fucatum
692 1353 881 1422 adhibentes;
904 1353 986 1414 cuius
1003 1352 1048 1412 rei
1070 1371 1130 1411 non
1145 1351 1247 1411 dubito
1261 1351 1452 1428 praeclarum

364 1456 531 1533 exemplum
554 1454 723 1532 saepissime
744 1455 803 1516 iam
825 1473 921 1536 neque
942 1453 1080 1514 inmerito
1102 1454 1140 1514 ad
1161 1453 1334 1514 Homericae
1355 1473 1453 1534 quae·

366 1557 477 1619 stiones
491 1558 645 1618 remissum
662 1557 694 1617 in
709 1557 873 1633 analogiam
888 1557 1040 1628 advocare,
1062 1555 1192 1616 cumina
1208 1555 1272 1614 dico
1288 1554 1454 1616 Theotisca

364 1661 401 1719 de
415 1659 592 1736 Nibelungis
612 1660 698 1733 laem
722 1679 846 1740 qnorum
868 1657 994 1719 elocutio
1015 1658 1164 1718 interdum
1185 1657 1335 1736 antiquior
1356 1671 1451 1736 quam

368 1781 421 1839 pro
443 1761 496 1820 illa
515 1765 621 1836 aetate,
646 1765 746 1822 umen
767 1779 887 1839 prorsus
907 1765 980 1838 puta
1000 1780 1034 1821 ac
1055 1777 1130 1838 pura
1151 1765 1197 1820 est
1216 1778 1235 1818 a
1255 1758 1451 1822 dialectorum

367 1861 654 1941 ffisofimtniousw).
1538 1929 1539 1932 ,

449 1963 507 2024 Sed
527 1965 586 2026 iam
608 1965 768 2043 disputatio
795 1965 933 2042 prolapsa
961 1969 1006 2026 est
1034 1966 1113 2025 unde
1141 1964 1205 2026 sine
1227 1963 1295 2024 ullis
1323 1963 1451 2030 salebris

364 2065 523 2143 explicatio
544 2067 588 2128 rai
610 2086 699 2147 quam
715 2072 873 2128 tractemus
887 2071 976 2144 patet
1013 2069 1066 2126 Ex
1083 2085 1208 2126 earum
1227 2066 1340 2126 solnm
1358 2087 1449 2142 gen-

366 2168 459 2228 tium
490 2169 747 2242 sermonibus,
779 2171 876 2245 apud
905 2189 999 2250 qnae
1027 2167 1176 2245 pridem
1200 2187 1264 2240 ars
1290 2169 1451 2245 poetica

366 2269 556 2331 factitata
584 2270 743 2343 inisset,
771 2271 923 2351 aliquas
950 2272 1091 2332 formas
1120 2269 1291 2347 potuisse
1320 2269 1449 2348 recipi

263 2453 268 2460 ι
365 2373 532 2452 ideoque
559 2367 706 2458 fonteni
737 2373 986 2434 Aeolicorum
1016 2372 1272 2448 vestigiorum
1303 2372 1448 2434 nnllam

366 2475 471 2535 allam
500 2493 577 2534 rem
598 2475 743 2552 aperire
771 2494 879 2556 quam
907 2473 1105 2536 historiam
1134 2475 1267 2556 poesis
1296 2475 1447 2552 spicae,

366 2596 454 2657 quae
474 2575 619 2638 fnisset
640 2583 725 2638 ante
747 2578 918 2638 carmina
938 2577 1152 2650 Homerica,
1174 2577 1356 2646 confidenter
1377 2598 1448 2638 con·

366 2679 520 2752 tenderim,
543 2680 622 2758 quod
645 2679 710 2740 aliis
727 2679 816 2741 etiam
831 2679 926 2740 visum
944 2685 1015 2740 crat.
1059 2679 1142 2738 Haec
1157 2680 1236 2738 enim
1250 2662 1313 2740 eius
1329 2679 1448 2755 generis

366 2800 427 2840 non
448 2779 543 2856 prima
562 2780 654 2840 fnisse
675 2785 706 2840 et
726 2788 899 2856 argumenta
920 2788 952 2843 st
970 2783 1073 2856 formo,
1096 2781 1166 2861 qnia
1185 2799 1292 2841 vocum
1310 2782 1396 2858 copia
1415 2788 1447 2846 et

365 2882 484 2942 ubertas
510 2886 600 2960 atque
626 2899 730 2943 versus
758 2882 875 2958 agilitas
901 2884 996 2944 solum
1025 2903 1043 2944 e
1069 2883 1209 2944 diuturna·
1232 2883 1349 2944 artifieii
1376 2905 1446 2946 cen·

365 2983 522 3045 suetudine
542 2983 770 3061 explicationem
791 2985 896 3059 habet,
918 2987 990 3046 satis
1011 2986 1151 3058 clamant,
1179 3004 1277 3066 neque
1296 2986 1376 3048 inter
1393 3008 1445 3050 ve-

366 3083 500 3162 teres⁴⁰l
527 3103 625 3168 nequa
650 3086 730 3146 inter
757 3087 998 3165 recentioresss)
1026 3089 1088 3148 ulla
1116 3087 1175 3149 luit
1200 3088 1344 3150 dubitatio
1372 3091 1444 3170 quin

365 3188 469 3264 „multi
491 3188 675 3250 exstitissent
696 3188 844 3266 (Burgesii
863 3193 955 3251 verba
976 3195 1046 3252 sunt
1066 3211 1094 3268 p.
1112 3195 1185 3250 402.
1198 3189 1241 3267 n.)
1262 3192 1333 3252 boui
1354 3193 1443 3270 scrip·

366 3294 445 3352 tores
466 3297 535 3352 ente
557 3291 720 3351 Homerum
745 3298 863 3368 poetam
892 3293 1003 3372 quippe
1029 3293 1161 3355 numeris
1189 3294 1324 3354 amnibus
1352 3315 1442 3374 paene

367 3393 561 3454 absolutum‘e
604 3394 710 3474 Itaque
732 3395 867 3473 quamvis
889 3396 926 3455 ad
946 3413 1009 3454 nem
1031 3395 1158 3454 maxim
1181 3403 1258 3473 prae
1274 3397 1378 3459 ceteris
1396 3398 1441 3464 in·

368 3495 506 3571 plicatam
528 3499 558 3554 et
579 3495 722 3558 lubricam
743 3497 861 3570 adeam,
885 3497 955 3575 quia
974 3496 1006 3556 in
1027 3517 1062 3558 ea
1083 3502 1129 3558 est
1149 3517 1263 3558 summa
1282 3499 1376 3560 totius
1392 3519 1440 3560 ex-

368 3594 562 3672 planationis,
585 3598 726 3658 extremis
748 3602 847 3657 umen
868 3598 1006 3660 cancellis
1027 3617 1091 3660 eam
1103 3600 1282 3661 describam.

452 3695 603 3760 Quaenam
624 3698 717 3774 igitur
739 3698 877 3760 Graeciae
902 3684 991 3777 stirps
1012 3701 1110 3777 poesis
1131 3702 1321 3764 fiendamenta
1341 3702 1440 3766 iecisse

369 3798 483 3858 dicatur
504 3799 658 3876 cooperire
675 3819 735 3860 non
751 3801 875 3861 multum
896 3801 996 3874 refert,
1018 3803 1069 3862 sed
1090 3803 1122 3863 in
1144 3823 1208 3864 eam
1230 3823 1285 3868 nos
1301 3805 1440 3867 munnam

367 3901 506 3964 inducere
529 3903 620 3964 satius
642 3903 713 3976 erit,
743 3903 821 3980 apud
849 3903 1007 3984 plerosque
1029 3903 1155 3968 Graecos
1182 3913 1285 3970 cantus
1308 3909 1440 3970 amantis·

300 4051 303 4059 .
369 4004 459 4067 simos
486 4003 598 4082 pariter
619 4026 637 4066 a
657 4005 761 4084 priscis
782 4006 964 4083 temporibus
991 4008 1096 4084 poesin
1122 4009 1160 4068 ad
1180 4011 1298 4088 mythos
1326 4031 1357 4072 se
1378 4031 1439 4071 oon·

367 4107 509 4168 formasse
531 4111 620 4188 atque
641 4110 763 4170 heroum
785 4109 886 4168 budae
912 4095 1098 4172 bre'vioribus
1120 4110 1275 4173 cantilenis
1302 4118 1333 4174 et
1355 4111 1439 4190 epicis

370 4324 374 4333 ·
440 4295 484 4362 99)
501 4296 572 4344 Dixit
588 4296 618 4343 de
635 4295 681 4344 hae
698 4308 725 4342 re
736 4295 932 4346 Muellenhoffins
948 4296 975 4344 in
991 4296 1074 4345 libello
1092 4296 1160 4346 onius
1176 4297 1261 4346 titulus
1278 4303 1330 4348 est:
1345 4313 1388 4348 nnn
1402 4313 1438 4362 ge·

368 4382 475 4431 sobiobte
492 4382 535 4430 der
551 4381 690 4440 Nibelnngc
707 4385 757 4438 not,
775 4394 798 4441 p.
813 4382 852 4428 18.
1479 4377 1481 4383 '

436 4469 481 4528 40)
498 4481 523 4516 v.
542 4465 646 4527 Bengeb.
664 4465 721 4515 diss.
739 4467 759 4513 1.
776 4479 802 4526 p.
815 4467 856 4515 91.

437 4555 482 4616 41)
499 4554 529 4602 ol.
547 4553 680 4602 Hermann.
704 4549 919 4614 op.1V.p.2tll·
954 4553 1058 4604 Badium
1080 4553 1137 4604 bist.
1154 4569 1179 4616 p.
1198 4569 1220 4604 e.
1237 4553 1256 4602 L
1273 4567 1298 4614 p.
1313 4555 1370 4604 949.
1387 4557 1436 4606 949.

369 4637 481 4689 Mueller.
498 4639 555 4688 bist
572 4639 590 4688 1.
608 4637 638 4686 G.
656 4638 719 4698 1·‚p.
733 4637 773 4686 96.
798 4637 890 4698 Bergk.
907 4652 932 4700 p.
944 4639 985 4687 87.
1003 4638 1061 4688 991.
1079 4641 1137 4690 406.
1154 4639 1223 4688 alies.
