3424 5386
787 458 829 523 73

427 741 433 754 ,
536 681 562 762 5.
586 690 613 741 9.
657 684 708 742 De
729 681 927 744 vocalibus
949 683 1080 758 longis.

353 819 377 878 1.
414 822 509 896 cipro
531 840 559 896 η.

353 923 383 979 Α
403 923 577 1000 productum
606 922 782 1001 antiquioris
809 921 932 998 originis
960 923 1038 1000 apud
1064 923 1159 982 Dores
1186 927 1216 981 et
1242 921 1349 980 Aeoles

266 1029 438 1085 constanter
459 1023 650 1098 retinebatur,
672 1026 750 1101 apud
771 1027 860 1084 Iones
881 1044 952 1085 vcro
974 1025 1107 1104 aliosque
1129 1024 1255 1084 Graecos
1277 1023 1308 1082 in
1329 1043 1350 1099 η

264 1127 444 1188 mutabatur.
488 1126 546 1186 Sed
560 1127 719 1188 videndum
742 1133 787 1187 est
808 1148 866 1208 quo
881 1133 1014 1205 tempore
1029 1129 1102 1187 haec
1120 1127 1300 1189 consuetudo
1317 1126 1350 1184 in

262 1229 370 1289 Ionica
391 1234 422 1290 et
436 1229 537 1290 Attica
558 1230 682 1292 dialecto
705 1231 737 1289 in
753 1231 850 1291 locum
865 1230 1004 1310 antiquae
1019 1227 1269 1307 pronuntiationis
1286 1248 1350 1288 suc·

262 1331 396 1393 cesserit.
438 1331 503 1391 Iam
518 1331 678 1393 Homerica
699 1337 796 1393 aetate
817 1333 850 1392 in
871 1333 976 1407 Iedeq
998 1351 1052 1409 pro
1071 1353 1089 1388 α
1111 1332 1203 1392 fuisse
1221 1331 1352 1390 carmine

262 1435 338 1494 satis
359 1436 480 1509 docent,
511 1453 689 1514 quamquam
711 1435 871 1495 nonnullae
891 1435 1003 1495 formae
1032 1435 1088 1494 hoc
1110 1434 1198 1494 etiam
1225 1452 1295 1510 prae
1318 1453 1349 1492 se

262 1537 368 1596 ferunt
396 1557 471 1616 quae
502 1555 540 1596 ne
568 1542 678 1597 temere
705 1539 742 1598 ad
769 1538 920 1598 Aeolicam
949 1537 998 1599 vel
1026 1537 1164 1596 Doricam
1193 1535 1350 1596 dialectum

262 1638 436 1714 relegentur
466 1660 540 1716 opus
569 1646 615 1700 est
643 1643 794 1712 cautione;
823 1644 874 1702 sed
902 1642 935 1699 in
962 1640 1063 1700 Attica
1089 1645 1189 1700 vetere
1215 1638 1349 1710 dialecto,

262 1742 406 1822 quoniam
434 1742 523 1804 etiam
550 1744 628 1818 apud
656 1745 783 1820 tragicos
810 1743 970 1803 nonnullae
996 1761 1066 1802 vere
1094 1742 1210 1802 Atticae
1237 1742 1350 1800 formae

262 1839 348 1903 ἕκατι
369 1836 485 1913 (laodic
507 1837 599 1918 δαρόν
620 1845 696 1904 aliae
711 1847 858 1922 legrmtur,
881 1869 900 1904 α
918 1845 1076 1906 recentiori
1098 1845 1192 1905 vocali
1215 1865 1234 1919 η
1256 1843 1349 1902 multo

261 1945 425 2023 posteriori
445 1952 579 2022 tempore
594 1948 716 2007 cessisse
732 1966 875 2028 perquam
891 1947 1064 2008 verisimile
1086 1954 1132 2006 est
1148 1947 1188 2024 (v.
1206 1945 1350 2005 Muellen-

262 2049 343 2120 hoff,
369 2049 511 2108 deutsche
534 2049 660 2108 Altertlr.
678 2070 706 2126 p.
722 2051 783 2127 58).
827 2051 932 2129 Itaque
955 2052 1141 2111 statuendum
1164 2053 1209 2109 est
1230 2048 1350 2108 colonos

265 2149 397 2210 Graecos
419 2150 525 2229 quiin
546 2152 635 2212 Asiae
656 2153 827 2228 regionibus
856 2153 1010 2214 maritimis
1031 2152 1246 2224 constitissent,
1276 2171 1350 2210 non-

264 2253 336 2312 dum
352 2275 372 2312 α
393 2258 564 2331 aspernatos
586 2273 658 2327 esse,
681 2256 732 2315 sed
746 2255 958 2332 pedetemptim
975 2255 1056 2315 illam
1071 2256 1221 2316 dilatatam
1239 2253 1351 2313 vocalis

263 2355 540 2433 pronuntiationem
555 2377 587 2418 se
605 2360 831 2429 conroborasse;
852 2364 942 2438 atque
965 2377 1030 2418 curn
1047 2363 1198 2434 poetarum
1222 2357 1349 2418 elocutio

264 2478 343 2539 quae
365 2459 461 2518 estin
485 2459 664 2521 carminibus
681 2460 849 2521 Homericis
871 2460 1059 2521 nullomodo
1081 2464 1146 2521 tota
1167 2480 1206 2520 ex
1229 2459 1351 2520 Aeolica

262 2562 350 2640 poesi
372 2563 548 2639 pependisse
570 2565 701 2640 putando
722 2564 768 2636 sit,
792 2564 843 2623 scd
865 2564 929 2624 sine
948 2565 1036 2624 dubio
1053 2582 1141 2645 quem
1164 2562 1292 2622 maxime
1314 2563 1351 2621 ad

263 2683 332 2724 eam
363 2663 523 2724 dictionem
551 2683 637 2744 quam
667 2665 858 2726 excoluerant
886 2667 1062 2744 perantiqua
1090 2664 1261 2725 colonorum
1289 2683 1350 2723 car-

262 2768 348 2827 mina
368 2767 417 2825 rel
439 2785 456 2825 e
472 2766 595 2828 Graecia
614 2767 768 2843 deportata
788 2768 838 2827 vel
858 2769 938 2828 inter
958 2767 1151 2843 migrationes
1170 2771 1279 2852 pancta
1300 2766 1351 2824 ad·

261 2869 376 2949 plicata
396 2868 443 2942 sit,
466 2868 535 2928 huic
553 2867 729 2947 antiquioris
744 2867 867 2928 Ionismi
890 2869 979 2930 statui
1001 2889 1040 2928 ex
1056 2869 1187 2929 Homero
1208 2867 1352 2928 nonnulla

262 2974 337 3033 licet
358 2970 508 3032 vindicare
531 2969 580 3048 (cf.
598 2969 648 3030 alt.
667 2971 764 3047 part).

352 3075 421 3134 Huc
441 3073 538 3132 refero
571 3072 600 3150 1)
622 3091 726 3132 rocem
752 3065 811 3132 θεοί
838 3092 914 3154 quae
942 3074 1108 3134 sexcenties
1135 3075 1294 3134 obcurrens
1316 3074 1349 3134 in

264 3176 404 3239 omnibus
420 3175 639 3236 inclinamentie
657 3177 810 3255 antiquam
825 3176 958 3236 vocalem
976 3177 1123 3237 mordicus
1137 3178 1282 3248 servarim
1304 3183 1350 3238 est

263 3280 378 3364 scilicet
406 3279 523 3356 poetica
545 3297 642 3358 neque
666 3298 797 3360 unquam
822 3279 855 3338 in
880 3279 1009 3356 pedestri
1039 3299 1173 3340 sermone
1202 3281 1350 3357 reperitur

264 3383 319 3464 qui
339 3401 455 3459 semper
477 3371 498 3458 ri
518 3373 591 3451 θεός
613 3380 756 3455 adhibuit,

354 3485 386 3562 2)
409 3485 530 3545 nomina
551 3485 672 3562 propria
687 3480 809 3554 Αἰνείας
830 3480 951 3562 (Αἰνέας
968 3485 1007 3543 N.
1023 3487 1096 3563 541)
1117 3475 1253 3564 Ἑρμείας
1275 3475 1350 3565 (Ἐρ-

264 3583 338 3665 plag
360 3588 397 3647 E.
413 3589 486 3667 000)
510 3588 588 3666 quod
610 3587 699 3647 etiam
726 3588 804 3664 apud
826 3588 955 3647 Arcades
985 3588 1069 3666 (Ahr.
1086 3591 1111 3649 1.
1133 3609 1161 3666 p.
1177 3588 1251 3665 232)
1281 3590 1349 3648 hae·

265 3694 353 3764 serat,
376 3680 506 3767 Αοίγείας
528 3689 580 3767 (Λ.
599 3690 672 3768 700)
697 3680 868 3760 Ναυσικάα,

353 3792 385 3870 3)
406 3808 505 3851 ναυσι-
526 3792 576 3853 vel
597 3812 665 3850 voc·
688 3793 813 3852 formam
840 3792 888 3851 cui
909 3793 1030 3869 longum
1058 3813 1077 3850 α
1102 3793 1181 3853 inest
1208 3793 1250 3870 (v.
1270 3794 1349 3854 Ourt.

265 3894 326 3955 Erl.
343 3915 372 3972 p.
386 3899 435 3957 51.
456 3895 570 3955 Har-tel.
587 3915 616 3971 p.
629 3896 712 3972 463),
730 3893 762 3952 in
776 3895 938 3970 conpositis
955 3914 1043 3971 saepe
1057 3895 1202 3968 usitatam,
1222 3915 1276 3973 pro
1291 3914 1351 3975 qua

264 3999 397 4059 Ionicam
421 3993 506 4073 νηυσί
532 3997 620 4057 facile
641 3997 788 4077 quispiam
811 4002 964 4074 exspectat
985 3995 1025 4074 (v.
1043 3997 1154 4057 Herod.
1177 3999 1228 4077 qui
1251 4000 1351 4059 Attica

268 4097 354 4160 ναυσί
387 4101 490 4161 Ionica
522 4097 609 4175 νηυσί
641 4099 764 4160 Aeolica
796 4093 895 4158 volscos
928 4101 1054 4161 conlatis
1086 4119 1117 4160 α.
1151 4093 1276 4179 ὀρθογρ.
1308 4103 1348 4162 II.

267 4224 294 4281 p.
313 4209 383 4278 553,
406 4209 442 4263 la
466 4204 507 4264 sic
528 4203 641 4282 pergit:
671 4201 700 4261 τί
721 4187 791 4273 oiim
824 4195 879 4262 oria
907 4193 986 4262 οἶδεν
1006 4196 1142 4284 Ὅμηρος
1169 4196 1224 4282 τήν
1245 4203 1348 4278 rocol,

266 4305 326 4380 ναί,
353 4303 385 4366 iv
399 4302 538 4368 συνθέσει
553 4298 650 4388 ὥςπερ
664 4303 843 4377 Ναυσίθοος
857 4301 907 4365 καί
927 4303 1147 4385 ναυσίσίυτος).Ι
1172 4306 1352 4379 Ναυσίθοος
