3126 5256
675 807 677 810 ¹
710 728 770 792 117

199 885 244 941 Ψ.
267 882 334 940 171.
359 881 489 941 11993.
513 901 535 940 ε.
557 884 605 942 70.
629 901 662 942 π.
681 887 751 940 249.
768 902 794 958 χ.
818 886 893 953 1113
915 879 1017 940 Ionica
1032 885 1128 942 autem
1147 879 1283 963 τέσσαρες

194 983 315 1060 saepius
345 983 493 1043 obcurrit:
532 985 567 1042 Β.
596 989 666 1042 618.
702 985 739 1041 Ε.
766 983 836 1043 271.
869 983 908 1042 Λ.
939 986 1009 1041 694.
1043 987 1113 1042 699.
1145 986 1180 1044 Σ.
1211 988 1283 1047 678.

201 1085 243 1142 Ψ.
260 1091 329 1144 268.
346 1082 371 1143 d.
389 1090 460 1144 436.
481 1106 500 1175 ι.
516 1089 586 1144 334.
606 1082 630 1154 ξ.
646 1091 695 1143 22.
714 1103 745 1143 π.
764 1089 834 1144 349.
853 1103 878 1161 χ.
895 1089 965 1144 110.
981 1087 1052 1143 294.
1069 1104 1102 1142 ω.
1119 1085 1190 1144 279.
1207 1086 1279 1146 497.

638 1341 841 1348 -οο--ο-η-μ,

578 1572 691 1676 bnput
718 1579 894 1675 quartum.

427 1716 430 1726 ’
494 1727 543 1790 De
565 1726 733 1792 verborum
757 1725 977 1791 declinatione.

294 1881 319 1960 S.
347 1887 394 1941 16.
438 1882 489 1942 116
512 1887 714 1957 augmento
737 1887 774 1942 et
795 1883 838 1942 de
858 1880 1180 1958 reduplicatione.

280 1999 375 2064 Quam
389 2004 470 2060 recte
485 2005 601 2060 veteres
617 2000 800 2075 grammatici
822 2001 857 2059 de
878 2001 916 2060 116
932 2017 1008 2080 quae
1022 1999 1101 2060 intra
1121 2001 1280 2061 verborum

193 2101 308 2177 copiam
330 2103 367 2160 ab
389 2102 521 2162 Homero
550 2119 588 2158 cx
614 2101 681 2161 aliis
703 2102 836 2164 dialectis
863 2101 896 2160 in
925 2099 1088 2161 carminum
1109 2103 1280 2162 lonicorum

194 2201 389 2262 elocutionem
405 2203 531 2261 admissa
552 2221 617 2262 esse
631 2204 766 2262 arbitrati
784 2207 855 2262 sunt
867 2202 1073 2274 iudicaverint,
1095 2203 1213 2278 saepius
1225 2203 1281 2262 vix

197 2305 438 2380 pervestigamus,
459 2304 599 2383 quoniam
614 2322 715 2362 eorum
730 2303 896 2380 praeceptis
911 2301 966 2359 lux
982 2321 999 2360 e
1015 2301 1120 2374 titulis,
1142 2301 1201 2360 tide
1217 2301 1280 2377 dig-

195 2405 322 2465 nissimis
342 2399 490 2478 fontibus,
520 2397 590 2464 nou¹
603 2404 783 2464 adfunditur.
826 2405 994 2464 Potuerunt
1017 2420 1088 2462 sane
1110 2401 1241 2462 crebrius
1262 2421 1280 2460 a

192 2523 262 2565 vero
284 2509 421 2567 aberrare
442 2507 514 2588 quia
534 2510 684 2567 structura
701 2503 927 2581 coniugationis,
950 2504 975 2564 si
993 2523 1011 2562 a
1028 2503 1204 2584 quibusdem
1219 2508 1279 2564 ter-

192 2607 404 2668 minationibus
421 2599 560 2683 discedis,
582 2609 615 2668 in
637 2609 762 2670 dirersis
783 2605 917 2668 dialectis
937 2605 1168 2687 aequabilioiem
1189 2607 1281 2668 habet

192 2709 319 2783 speciem
334 2716 374 2770 61
401 2712 575 2772 666166116
598 2709 670 2790 quid
697 2705 804 2790 cuique
826 2711 994 2789 proprium,
1024 2709 1096 2790 quid
1121 2707 1139 2767 a
1161 2728 1279 2789 quaque

190 2803 319 2870 alienum
347 2811 386 2868 611
406 2813 610 2886 perspiciatur.
655 2813 781 2873 Adsedit
804 2815 884 2890 quod
909 2810 1053 2872 nonnulla
1076 2829 1151 2889 quae
1177 2815 1279 2886 aperte

190 2928 229 2968 ex
257 2911 377 2981 linguae
404 2909 532 2968 Graecae
562 2911 768 2988 antiquissimo
798 2917 877 2971 statu
904 2914 955 2970 bic
983 2910 1045 2969 11116
1073 2917 1280 2971 remanserunt

22 3004 24 3094 J
130 3053 133 3060 .
187 3011 264 3068 16166
286 3005 375 3062 certis
397 3005 529 3066 dialectis
545 3010 747 3066 adseruerunt.
790 3011 858 3067 Hoc
872 3009 953 3069 valet
974 3011 1010 3068 de
1025 3009 1176 3081 augmenti
1191 3009 1278 3070 omis-

190 3111 275 3170 sione
298 3126 386 3186 quam
402 3099 678 3181 vetereq'maximc
694 3107 890 3181 Aristarchus,
912 3109 993 3167 Iadis
1014 3108 1164 3184 propriam
1185 3107 1278 3170 161666

191 3213 247 3272 sibi
269 3213 477 3288 persuaserant
499 3229 597 3289 66666
619 3211 655 3267 de
678 3227 765 3267 causa
785 3209 838 3267 ubi
866 3209 932 3268 fieri
955 3194 1093 3284 potuerat
1119 3206 1152 3268 iu
1173 3211 1289 3276 emma,

190 3313 278 3372 nibus
299 3312 499 3375 restituerant.
544 3311 601 3370 Sed
623 3331 659 3372 ea
680 3329 826 3390 nusquam
854 3309 887 3366 in
908 3310 1011 3372 vivido
1032 3327 1167 3372 sermone
1186 3310 1288 3378 letius.

193 3416 304 3490 patuit,
335 3415 434 3492 potins
461 3415 574 3495 ubique
600 3433 640 3473 ex
661 3417 815 3491 poetarum
841 3412 972 3490 666661
999 3413 1086 3472 metri
1106 3415 1277 3477 necessitau‘

189 3515 385 3592 indulgebant
404 3519 567 3593 repetenda
588 3522 641 3577 661.
684 3517 769 3576 Inter
789 3512 969 3575 recentiores
993 3514 1113 3594 quidem
1134 3518 1276 3579 Fostsrus

190 3635 235 3694 ap.
258 3619 347 3694 Burg.
370 3639 398 3694 p.-
416 3623 476 3676 399
508 3639 573 3680 666
594 3638 634 3677 ex
654 3618 820 3692 Aeolismo,
850 3615 988 3694 Heynius
1015 3633 1086 3676 vero
1116 3620 1156 3697 (v.
1178 3621 1274 3680 Beklu

186 3717 287 3780 sched.
309 3720 398 3779 Hom.
415 3721 441 3778 Ι.
463 3740 492 3797 p.
512 3721 584 3798 115)
608 3724 639 3780 et
660 3721 822 3781 Laroehius
843 3739 872 3796 p.
890 3723 951 3778 493
978 3736 1018 3776 ex
1038 3717 1170 3778 Ionismo
1197 3722 1275 3781 deri·-

189 3825 342 3881 varerunt.
386 3822 490 3900 Neque
512 3822 617 3880 melius
638 3822 832 3897 reduplicatio
854 3821 1030 3881 aeristorum
1055 3823 1087 3878 et
1106 3819 1274 3880 futurorum

189 3939 265 4001 6666
287 3927 334 3982 661
350 3922 382 3980 16
397 3918 513 3980 κέκλετο
529 3915 693 4000 πεπλήγετο
708 3916 868 4002 κεχάροντο
889 3917 1068 3981 λελαθέσθαι
1088 3915 1272 3993 πεφιδέσθαι

190 4018 350 4100 πεπιθήσω
369 4018 504 4082 διδώσειν
519 4015 589 4097 eta,
613 4011 690 4104 quae
714 4025 780 4101 ipsa
793 4025 888 4086 multo
907 4023 1058 4104 antiquior
1072 4026 1118 4082 est
1133 4021 1274 4082 dialecto·

189 4145 255 4184 rum
270 4131 367 4186 aetate
383 4125 423 4203 (v.
441 4128 520 4186 Ourt.
537 4127 573 4184 de
587 4129 677 4203 temp.
695 4130 726 4186 et
740 4128 817 4186 mod.
832 4147 859 4204 p.
873 4127 953 4204 163),
976 4145 1047 4191 mox
1061 4121 1181 4183 Aeolidi
1201 4142 1273 4182 mox

187 4227 434 4286 16116616116616
454 4233 514 4300 est;
536 4228 649 4287 scilicet
663 4226 817 4287 Aeolicum
839 4226 1116 4302 anadiplosiasmum
1131 4223 1222 4285 schol.
1239 4225 1272 4284 in

189 4327 356 4390 Homericis
373 4330 496 4390 vocibus
518 4321 690 4405 κεκλόμενοι
711 4329 831 4387 111332.
854 4317 1082 4400 κεκαδησόμεθα
1098 4325 1132 4385 Θ.
1147 4329 1217 4400 353,
1239 4332 1272 4388 st

187 4430 372 4492 Aristonicus
394 4431 424 4489 in
448 4426 599 4510 πέπληγον
620 4431 755 4494 Ionicum
777 4431 971 4505 agnoverunt,
994 4429 1035 4486 de·
1052 4447 1111 4508 qua
1131 4447 1164 4488 re
1185 4429 1271 4491 testis

187 4535 232 4590 est
246 4533 328 4592 Eust.
345 4553 374 4610 p.
390 4537 479 4605 1696,
497 4538 514 4589 3
538 4531 577 4610 (r.
597 4533 726 4597 Lobeck.
745 4533 781 4592 ad
797 4533 965 4594 Buttmann.
983 4549 1026 4606 gr.
1046 4529 1094 4592 Gr.
1111 4532 1153 4592 ΙΙ.
1175 4551 1204 4611 p.
1219 4538 1268 4594 86.
