3126 5256
295 850 459 913 cavendum
481 849 567 910 nobis
590 867 653 908 esse
675 853 749 926 puto
771 867 818 922 ne,
841 850 913 929 quia
933 850 971 909 ad
993 849 1198 910 difficultatem
1219 850 1380 926 expedien-

296 953 365 1012 dam
385 954 481 1012 forma
502 951 655 1029 ceteroqui
673 970 734 1010 non
752 952 875 1012 Aeolica
894 949 1029 1028 τίθησθα
1051 971 1071 1011 ι.
1088 957 1159 1012 404.
1183 971 1216 1010 ιο.
1234 953 1306 1012 478.
1328 953 1380 1012 ad·

294 1059 376 1114 mota
397 1060 451 1127 est,
473 1053 617 1114 Aeolismi
634 1055 768 1114 favorem
783 1053 816 1112 in
834 1054 942 1114 suffixo
963 1054 1086 1133 antiquo
1108 1056 1166 1112 -θα
1180 1054 1297 1114 adnexo
1312 1073 1380 1117 ver·

295 1157 355 1216 sari
383 1156 549 1228 credamus,
575 1157 607 1214 id
636 1155 715 1235 quod
736 1157 918 1216 Buttmanno
944 1157 1098 1216 adridebat
1125 1155 1151 1234 S.
1169 1156 1239 1215 107.
1257 1162 1285 1216 8.
1300 1177 1331 1216 n.
1352 1158 1379 1217 1.

293 1280 323 1336 p.
340 1263 416 1331 5063
438 1277 509 1316 nem
530 1250 563 1316 ιδ
584 1251 777 1337 apostocam
792 1258 835 1338 τῷ
849 1253 976 1339 δευτέρῳ
993 1240 1145 1339 eporeiam
1161 1259 1221 1316 τῶν
1237 1250 1380 1336 ῥημάτιον

293 1353 407 1419 ιδ’-θοι
423 1353 557 1418 Αἰολέων
579 1350 654 1418 εἶναι
674 1365 709 1419 ut
730 1358 865 1440 plerique
887 1361 923 1420 de
946 1359 1143 1421 coniunctivis
1163 1365 1380 1438 praeceperunt

292 1463 337 1521 ita
358 1461 446 1521 simul
474 1461 580 1521 statuit
608 1463 644 1521 de
665 1461 837 1522 indicaiiuis
865 1466 970 1522 auctor
993 1479 1024 1520 ιι.
1046 1452 1151 1538 Ὀμήο.
1173 1458 1246 1520 drot.
1269 1482 1298 1538 p.
1315 1463 1378 1522 478

292 1563 334 1642 (v.
351 1565 424 1622 Ahr.
440 1564 466 1622 I.
483 1583 511 1639 p.
531 1563 613 1640 129),
636 1563 689 1642 qui
703 1563 896 1624 Homericum
917 1568 948 1623 et
967 1564 1102 1623 Atticum
1123 1559 1247 1639 ἔφησθα
1270 1564 1380 1624 adiecit

292 1665 330 1724 ad
352 1658 488 1745 εῖδηοθα
509 1662 582 1740 (iota
601 1669 717 1724 mutum
742 1666 916 1745 plerumque
944 1666 977 1724 in
1005 1665 1075 1725 edit.
1097 1665 1175 1724 maie
1197 1666 1380 1726 inculcatum

292 1773 374 1828 recte
395 1769 478 1826 deest
498 1767 532 1824 in
554 1767 656 1839 codic,
677 1788 706 1827 v.
727 1767 879 1826 Sohaeferi
900 1772 963 1826 not.
984 1769 1021 1826 ad
1037 1767 1125 1840 Greg.
1146 1789 1176 1845 p.
1194 1767 1277 1845 581).
1320 1767 1380 1828 Sed

291 1873 327 1929 ut
347 1874 442 1929 totam
464 1868 580 1946 copiam
593 1865 824 1929 indicativomm
839 1869 1096 1930 coniunctirorum
1112 1869 1312 1946 optativorum
1326 1869 1379 1949 qui

292 1973 372 2048 apud
393 1972 557 2030 Homerum
578 1968 702 2048 antiquo
722 1970 775 2029 illo
797 1971 905 2030 suffixo
926 1971 1067 2030 instructi
1089 1976 1159 2030 snut
1181 1971 1220 2048 (v.
1238 1973 1319 2032 Gurt.
1341 1972 1379 2032 de

293 2073 376 2133 verb.
393 2091 423 2147 p.
436 2060 574 2150 44-51)
590 2070 791 2131 ex'Aeclismo
806 2077 974 2151 repetamus
989 2077 1113 2149 propter
1122 2073 1246 2132 Aeolica
1259 2070 1379 2150 ἕχεισθα

294 2171 451 2248 ederedo,
478 2174 553 2232 haec
575 2193 636 2232 non
657 2174 820 2250 subpctunt
840 2193 938 2254 neque
956 2173 1009 2234 hic
1028 2195 1100 2234 usus
1121 2195 1176 2252 per
1195 2175 1327 2235 Atticam
1348 2179 1380 2236 et

291 2275 445 2350 vulgarem
467 2277 710 2336 consuetudinem
732 2295 851 2353 sparsus
866 2277 1009 2335 concedit.
1053 2277 1115 2336 Vix
1136 2276 1246 2338 abhinc
1265 2277 1304 2336 iis
1327 2277 1378 2355 qui

233 2354 238 2368 Χ
292 2379 329 2437 de
350 2397 424 2440 uoce
446 2375 588 2436 δῖδοισθοι
608 2378 742 2437 indicant
763 2379 835 2438 satis
851 2377 1051 2438 ericusationis
1066 2378 1146 2438 trahi
1168 2383 1267 2456 potest
1288 2383 1378 2458 atque

294 2481 384 2540 etiem
406 2500 423 2538 e
443 2480 534 2539 schol.
557 2479 657 2540 verbis
680 2481 777 2540 clucet
798 2481 1016 2556 diphthongum
1033 2498 1061 2540 οι
1082 2480 1211 2540 maxime
1233 2499 1378 2554 gramma-

291 2583 361 2642 ticis
381 2600 484 2640 ansam
506 2581 621 2642 dedisse
641 2586 676 2640 ut
696 2581 879 2641 Aeolismum
900 2583 1051 2654 foverent,
1079 2600 1167 2659 quem
1189 2582 1247 2640 alio
1269 2583 1378 2642 idoneo

294 2683 432 2759 exemplo
462 2702 522 2742 non
552 2685 692 2760 poterant
721 2683 904 2742 confirmare.
955 2682 1091 2756 Veteres,
1119 2684 1154 2742 in
1179 2685 1284 2760 primis
1308 2685 1379 2746 Ari·

292 2785 431 2844 sterchus
444 2783 511 2861 44),
546 2803 611 2841 cum
642 2784 812 2860 saepissime
838 2784 871 2842 in
903 2785 1083 2844 carminibus
1111 2786 1280 2846 Homericis
1307 2805 1379 2846 con·

293 2891 407 2948 tractae
428 2888 588 2947 verborum
608 2884 641 2945 in
663 2906 696 2961 μι
709 2887 822 2946 formae
835 2887 1008 2960 legerentur
1021 2907 1119 2966 neque
1136 2887 1235 2948 minus
1255 2887 1287 2946 in
1308 2887 1379 2948 reli-

294 3009 353 3070 qua
369 2989 455 3049 Iade:
478 2985 574 3057 διδοῖς
593 2988 616 3045 1.
634 2993 702 3047 164.
726 2987 885 3076 (scheid.
908 2979 949 3058 eir
971 2980 1093 3068 ὀρθοῖς·
1116 2982 1212 3058 οὕτως
1230 2985 1282 3047 καὶ
1302 2980 1379 3068 Ἀρί·

294 3109 418 3171 σιαρχος
439 3113 468 3152 v.
491 3093 576 3152 Eust.
600 3112 629 3168 p.
645 3091 716 3163 744,
742 3095 789 3150 18.
821 3095 912 3164 1184,
937 3091 988 3168 11)
1018 3089 1101 3149 διδοῖ
1122 3091 1146 3148 Ι.
1166 3095 1236 3150 519.
1259 3089 1285 3150 δ.
1305 3091 1378 3149 287.

294 3217 320 3270 ρ.
340 3199 411 3254 350.
442 3191 579 3254 διδοῦναι
602 3192 642 3250 Ω..
660 3197 731 3251 425.
763 3192 822 3270 (ap.
843 3193 956 3253 Herod.
979 3190 1075 3261 διδοῖς
1099 3193 1136 3253 V.
1163 3197 1210 3266 18,
1233 3199 1263 3252 2.
1291 3193 1377 3256 VIIL

296 3297 366 3368 197,
391 3303 419 3354 9.
447 3293 529 3354 διδοῖ
547 3295 589 3353 II.
612 3301 641 3352 2.
660 3301 710 3353 48.
741 3291 858 3353 ἐκδιδοῖ
873 3297 915 3353 ΙΙ.
940 3300 989 3354 29.
1020 3295 1074 3356 IV.
1098 3299 1147 3356 44.
1171 3299 1221 3354 49.
1249 3295 1317 3354 179.
1348 3315 1377 3356 r.

294 3397 446 3455 Kuehner.
469 3415 590 3469 gramm.
608 3416 637 3472 p.
654 3401 725 3455 651.
741 3399 812 3454 659.
835 3397 953 3473 Rumpf.
976 3417 1005 3472 p.
1021 3401 1072 3469 20,
1096 3397 1132 3456 de
1147 3396 1330 3475 Hippocrate
1348 3401 1380 3456 et

294 3497 433 3570 elegiacis
451 3517 480 3556 v.
498 3499 628 3555 Rsnner.
647 3517 675 3572 p.
693 3495 746 3573 46)
766 3498 848 3554 τιθεῖ
865 3496 904 3554 Ν.
922 3497 991 3554 782.
1021 3500 1166 3573 παρτιθεῖ
1184 3519 1211 3555 u.
1233 3504 1299 3560 192.
1329 3516 1379 3574 με·

293 3601 374 3668 διεῖς
392 3599 425 3654 Ζ,
438 3602 508 3656 523.
527 3593 555 3654 δ.
568 3597 638 3654 872.
656 3591 748 3663 δοιοῖςΙ
759 3597 795 3654 Ε.
810 3601 879 3654 880.
898 3599 999 3678 μεθιεῖ
1012 3597 1049 3656 Κ.
1066 3602 1134 3656 121.
1150 3603 1251 3677 reposci
1260 3601 1294 3658 Β.
1308 3605 1378 3674 752,

295 3721 313 3759 a
334 3691 427 3760 doddo
449 3697 618 3759 derivantes
632 3698 759 3757 formam
776 3702 957 3760 contractam
980 3695 1076 3768 διδοῖς
1094 3701 1203 3764 suffixo
1224 3705 1282 3760 -θοι
1300 3702 1378 3781 quod

218 3855 224 3865 .
294 3802 393 3882 potius
408 3805 483 3860 -σθα
499 3820 562 3860 esse
576 3801 774 3859 Buttmannns
791 3801 817 3862 I.
834 3821 863 3878 p.
876 3805 947 3861 844.
963 3821 993 3863 n.
1015 3802 1170 3878 perspexit
1183 3808 1299 3863 auctam
1314 3823 1378 3864 esse

295 3909 483 3965 censuerunt.
528 3903 586 3962 Sed
602 3923 641 3962 nc
659 3907 825 3962 contractas
844 3903 962 3982 quidem
978 3905 1088 3963 formas
1102 3905 1284 3965 recentiores
1299 3910 1379 3966 rates

293 4009 472 4068 habuerunt.
522 4005 674 4064 Bekherus
703 4005 822 4084 quidem
850 4011 969 4083 praeter
996 4003 1132 4066 διδοῦναι
1161 4011 1192 4066 et
1219 4027 1297 4085 pers.
1319 4009 1378 4077 III.

294 4107 370 4184 sing.
402 4127 496 4185 prees.
526 4107 559 4165 in
587 4099 770 4184 imperfectis
801 4103 895 4166 ἐτίθει
919 4127 940 4166 e.
963 4112 1031 4168 198.
1061 4106 1139 4166 τίθει
1161 4110 1199 4166 A.
1219 4113 1290 4172 446.
1321 4105 1379 4169 idi·

361 4276 404 4342 44)
422 4277 453 4324 V.
471 4276 576 4326 Laroch.
593 4291 617 4339 p.
633 4277 688 4326 225.
724 4275 954 4337 ContraRumpfius
971 4292 1011 4340 qu.
1023 4278 1096 4325 Hom.
1115 4292 1139 4337 p.
1153 4280 1192 4324 11.
1211 4279 1263 4330 ιι.2
1281 4276 1382 4336 scripsit

294 4363 482 4422 „Aristarchum
506 4362 686 4408 circumflexam
711 4361 814 4409 formam
839 4363 998 4423 praetulisse,
1024 4363 1088 4418 falso
1112 4361 1171 4408 dicit
1195 4361 1317 4418 Krueger.
1343 4387 1379 4398 -

224 4503 228 4510 Ι
295 4445 378 4494 Schol.
391 4448 422 4494 A.
441 4447 472 4494 ad
484 4443 504 4496 Ι.
525 4447 581 4507 164,
600 4446 642 4493 ubi
659 4447 689 4492 Δ.
708 4451 793 4494 auctor
810 4453 949 4508 usurpatur,
968 4451 1005 4494 cst
1022 4447 1052 4494 de
1070 4447 1128 4494 solis
1145 4444 1230 4492 verbis
1247 4445 1380 4494 connectis

293 4529 374 4588 διδοῖς
391 4533 489 4593 διδοῖ“;
507 4532 550 4581 vix
566 4535 633 4580 recte
650 4531 801 4581 declismum
817 4532 954 4582 Aristarchi
971 4532 1114 4580 auctoritate
1132 4529 1217 4580 fulcire
1234 4527 1336 4578 studuit.
