3424 5386
970 400 991 464 4

439 555 631 615 dialectorum
657 554 900 628 investigatorem
925 574 956 612 se
980 554 1130 632 praestitit
1148 555 1269 632 Trypho
1292 554 1561 616 Alexandrinus

439 657 491 738 qui
507 655 577 735 περὶ
593 657 653 716 τῶν
670 647 740 734 παρ’
755 646 876 735 Ὁμήρῳ
894 651 1053 716 διαλέκτων
1069 652 1120 715 καὶ
1137 654 1293 738 Σιμωνίδῃ
1309 653 1360 716 acl
1383 655 1563 738 Hsvda'pqs

437 757 487 818 noi
519 752 657 830 Ἀλκμᾶνι
683 755 733 818 aui
760 761 823 826 τοῖς
853 749 952 826 ἄλλοις
976 760 1107 834 luparolo
1136 759 1229 820 libros
1258 759 1563 838 conposuerat21).

437 862 566 922 Tametsi
583 862 677 936 igitur
693 880 766 940 quas
782 861 945 920 sententias
960 862 996 920 de
1014 861 1130 935 origine
1146 865 1178 922 et
1193 861 1366 921 condicione
1387 861 1563 922 dialecto-

438 986 505 1052 rpm
517 964 702 1043 antiquiores
716 963 916 1040 probaverint,
939 964 1011 1044 quid
1025 984 1127 1024 eorum
1143 984 1234 1043 opera
1246 965 1279 1024 in
1296 965 1352 1024 hac
1366 964 1562 1042 disciplina

437 1066 607 1144 profecerit,
626 1065 800 1146 pierumque
817 1067 996 1140 ignoramus,
1017 1065 1049 1124 id
1064 1072 1181 1126 constat
1194 1087 1246 1126 eos
1264 1065 1413 1126 dialectos
1433 1086 1558 1126 earum

436 1176 553 1230 matum
576 1169 711 1242 gentium
735 1187 811 1248 quae
834 1168 939 1247 poesin
957 1175 987 1228 et
1009 1167 1125 1228 litteras
1143 1169 1336 1229 excoluerant
1353 1167 1554 1242 singulatim

437 1291 556 1332 curasse
571 1272 602 1330 b.
616 1292 639 1330 s.
655 1271 789 1330 ionicam
805 1271 935 1330 Atticam
950 1269 1090 1329 Doricam
1104 1270 1257 1330 Aeolicam
1274 1270 1318 1347 (et
1332 1257 1551 1349 Tryphonem

436 1374 537 1434 nescio
561 1393 600 1432 an
617 1353 741 1451 propter
758 1372 918 1433 (torinnam
935 1372 1178 1451 Boeoticam²²))
1198 1379 1288 1452 atque
1303 1393 1357 1434 suo
1377 1391 1549 1452 quamque

437 1477 558 1536 nomine
587 1475 758 1554 adpellasse.
810 1478 855 1534 Ac
880 1474 954 1534 mibi
983 1475 1103 1555 quidem
1127 1495 1143 1534 e
1167 1475 1338 1553 Tryphonis
1366 1475 1440 1536 loco
1468 1472 1545 1552 περὶ

437 1579 547 1638 παθῶν
572 1575 676 1648 λέξεων
702 1575 800 1655 §.112
829 1575 1022 1652 προςιίθειαι
1039 1571 1071 1636 il
1089 1568 1121 1636 τὸ
1142 1575 1274 1656 ὄίγαμμιι
1291 1575 1375 1654 παρά
1392 1597 1426 1638 τε
1443 1569 1542 1636 Ἴωσι

436 1677 488 1739 aci
512 1676 654 1738 Αἰολεῦσι
676 1675 727 1736 καὶ
751 1678 898 1754 Δωριεῦσι
921 1674 972 1738 καὶ
996 1671 1122 1738 Λάκωσι
1146 1675 1196 1738 nai
1222 1679 1434 1758 Βοιωιοῐςῗθ)
1459 1681 1539 1740 satis

436 1781 590 1862 probabile
612 1782 648 1840 fit
669 1779 727 1858 ipsi
748 1799 809 1864 non
828 1781 915 1840 modo
938 1801 999 1842 non
1022 1801 1107 1842 nsum
1130 1801 1235 1842 verum
1260 1781 1351 1841 etiam
1371 1784 1537 1842 notionem

435 1884 566 1947 nominis
581 1882 695 1943 Aeolici
721 1901 779 1962 qna
803 1901 904 1941 omnes
924 1883 1029 1944 Graeci
1048 1890 1168 1962 praeter
1185 1884 1282 1944 Dores
1298 1886 1389 1944 Iones
1408 1885 1534 1946 Atticos

437 1987 765 2065 conprehenderentur,
796 1983 884 2060 piane
901 1984 1033 2060 ignotam
1048 1986 1153 2059 fuisse3
1183 2006 1272 2068 quam
1295 1986 1471 2065 opinionem
1491 2007 1532 2048 ex

320 2147 337 2182 ,Ἴ
351 2150 358 2194 t
435 2089 580 2150 historica
594 2086 842 2165 interpretatione
856 2092 991 2148 vetustae
1002 2088 1202 2150 fabulositatis
1215 2089 1375 2166 repetitam
1390 2090 1530 2168 suspicor

257 2255 262 2272 ,
293 2202 309 2253 ι’
336 2221 359 2275 <r
428 2211 455 2252 a
464 2191 672 2269 simeoness)
685 2189 813 2267 primurn
823 2189 985 2250 dialecticis
997 2190 1162 2252 rationibus
1173 2192 1357 2252 extrinsecas
1371 2193 1526 2254 obtrusum

435 2312 509 2353 esse.
551 2295 583 2353 Is
607 2292 686 2352 enim
709 2311 775 2350 cam
798 2311 971 2369 persuasam
994 2294 1120 2354 haberet
1142 2300 1188 2354 tot
1211 2295 1390 2355 Graecorum
1414 2295 1524 2372 stirpes

434 2394 527 2454 fuisso
544 2399 618 2474 quot
628 2393 779 2464 dialectos,
801 2388 960 2494 secundpm
972 2393 1054 2454 illam
1069 2396 1269 2469 grammaticis
1281 2397 1422 2456 usitatam
1437 2403 1522 2476 quat-

435 2502 506 2558 tuor
520 2496 713 2558 diaiectorum
729 2496 906 2556 divisionem
924 2516 998 2576 quae
1013 2503 1106 2558 totam
1120 2498 1240 2573 linguae
1256 2497 1519 2578 discrepantiarum

437 2600 552 2678 copiam
568 2599 597 2660 ai
611 2599 677 2660 risa
692 2603 738 2658 est
751 2598 898 2676 amplecti,
920 2619 983 2660 rem
998 2600 1041 2658 sio
1053 2599 1186 2659 instituit
1202 2601 1381 2660 utAeolicae
1394 2601 1517 2661 dialecto

434 2701 528 2760 multo
545 2701 640 2761 maior
655 2721 744 2784 quam
759 2701 866 2762 ceteris
883 2701 1011 2760 ambitus
1027 2701 1254 2776 attribueretur,
1277 2704 1356 2783 quod
1372 2703 1515 2764 luculente

436 2804 574 2881 exposuit
591 2803 756 2864 abrensins
772 2804 798 2863 Ι.
815 2824 844 2881 p.
861 2808 879 2861 2
898 2803 986 2862 simul
1004 2804 1108 2864 videns
1123 2824 1153 2881 p.
1170 2810 1241 2878 283,
1265 2825 1332 2865 enm
1346 2805 1515 2865 Dicaearchi

434 2907 576 2967 Messenii
588 2908 614 2966 si
624 2908 722 2967 minus
732 2908 825 2968 verba
843 2911 875 2965 at
891 2910 971 2966 certe
987 2906 1213 2984 dispositionem
1224 2907 1390 2968 adscivisse.
1418 2913 1511 2988 Atque

434 3011 521 3069 iuxta
533 3009 711 3068 Dicaearchi
727 3011 819 3071 verba
835 3029 911 3089 quaa
925 3009 958 3067 in
972 3010 1139 3083 fragmento
1158 3009 1233 3067 Bion
1249 3001 1386 3079 Ἑλλάδος
1400 3015 1510 3071 exstant

436 3111 515 3188 apud
530 3112 572 3170 M.
590 3111 747 3184 Fabrinm,
769 3111 833 3170 Dic.
853 3113 942 3170 Mese.
962 3129 1038 3190 quae
1055 3115 1223 3188 supersunt,
1244 3110 1408 3173 Darmstad.
1424 3119 1506 3172 1841.

435 3221 465 3293 p.
481 3214 549 3288 147,
566 3213 690 3272 Hesiodi
703 3215 903 3288 fragmentum
920 3211 1090 3286 acatalogis
1106 3212 1226 3272 ductum
1243 3212 1388 3290 (XXXlI.
1403 3216 1444 3276 ed.
1458 3215 1504 3276 alt.

507 3398 551 3462 21)
568 3414 593 3447 r.
610 3401 641 3446 Δ.
659 3401 690 3447 da
707 3399 812 3457 Volsca,
838 3399 963 3460 Tryphon.
982 3398 1021 3446 ΔΙ.
1040 3399 1088 3467 ιἰς.
1104 3413 1129 3460 p.
1145 3401 1157 3445 1
1171 3413 1207 3458 sq.
1248 3399 1353 3461 Sengeb.
1369 3415 1391 3462 p.
1404 3403 1439 3450 33.
1452 3404 1503 3450 114.

507 3481 552 3547 tl)
569 3484 600 3531 ci.
619 3481 730 3532 Giesium
749 3498 774 3545 p.
787 3485 827 3532 16.

507 3567 552 3632 23)
568 3569 642 3616 Hauc
656 3569 682 3616 in
700 3569 817 3618 abrensii
832 3568 895 3616 libro
911 3569 932 3616 1.
949 3583 976 3628 p.
988 3570 1021 3616 30
1038 3583 1088 3616 non
1106 3570 1230 3630 integrum
1246 3572 1413 3632 manscriptnm
1428 3573 1499 3620 nescio

438 3669 482 3702 eur
499 3653 622 3703 christina
638 3654 664 3701 in
681 3655 790 3702 fundam.
807 3654 941 3715 phonolog.
961 3651 1047 3702 Graec
1065 3669 1090 3716 p.
1104 3656 1152 3702 171
1170 3669 1215 3717 pro
1233 3661 1349 3716 corrupto
1365 3657 1497 3716 indicaverit,

438 3742 460 3788 si
476 3741 531 3802 ipse
547 3740 660 3788 Muscam
677 3738 819 3800 Cantabrig.
837 3739 954 3799 inspexit;
981 3739 1073 3786 seilicet
1089 3740 1151 3788 Ahr.
1172 3741 1225 3790 eius
1242 3742 1308 3800 qnod
1325 3742 1446 3800 exciderat,
1467 3743 1496 3789 11.

437 3841 462 3887 p.
476 3825 526 3874 608
543 3829 639 3886 partem
650 3823 821 3885 subplavsrat3
840 3825 941 3885 plenum
952 3824 1026 3872 etiam
1037 3825 1137 3873 exhibet
1147 3824 1335 3887 Savelsbergius
1347 3827 1375 3876 de
1384 3828 1495 3887 Digsmmo

438 3926 463 3972 p.
477 3915 506 3971 δι
524 3924 599 3970 porro
610 3911 688 3957 salsus
699 3915 736 3957 est
748 3908 777 3958 G.
791 3911 927 3969 Renasrus,
945 3911 975 3958 da
992 3911 1048 3958 dial.
1067 3912 1158 3971 antiqu.
1175 3909 1262 3959 Graec.
1281 3913 1364 3971 poesis
1376 3913 1458 3972 elegiae.
1474 3919 1495 3960 et

437 3995 558 4044 iambicos
574 3995 601 4044 in
618 3994 686 4043 Cart.
704 3994 773 4046 stud.
784 3997 804 4044 1.
819 4000 841 4046 1.
858 4011 883 4058 p.
898 3998 955 4056 ut,
973 3997 1015 4056 qai
1026 3997 1063 4044 iili
1075 3998 1215 4046 testimonio
1226 3998 1289 4046 nihil
1299 3997 1438 4046 tribuendum
1448 4013 1492 4046 esse

437 4081 540 4130 censuit.

508 4164 553 4229 24)
569 4166 635 4214 Vlll.
654 4181 674 4215 c.
687 4171 709 4215 l.
727 4183 752 4228 p.
763 4169 820 4227 113,
839 4168 869 4214 cf.
888 4165 993 4214 Abrens.
1009 4168 1028 4214 1.
1048 4181 1071 4226 p.
1086 4171 1108 4216 1.
1133 4166 1198 4214 (lies.
1217 4182 1240 4228 p.
1255 4169 1286 4215 61
1300 4181 1336 4227 sq.
1361 4169 1385 4217 ll.
1397 4167 1487 4216 Canium

439 4253 495 4301 hist.
514 4250 600 4300 Graec.
619 4253 654 4300 1⁴.
672 4266 695 4312 p.
709 4253 766 4300 123.
780 4256 820 4302 24.
839 4251 871 4313 (a.
887 4252 971 4311 1814).
