3126 5256
722 435 769 507 85

199 591 286 662 libris
301 595 393 670 igitur
408 595 622 675 antiquissimis
642 599 706 656 erat
718 597 948 669 ΔΙΟΝΥΣΟΣ,
973 595 1052 676 quod
1067 598 1183 658 diverso
1200 598 1285 658 medo

200 700 318 772 poterat
335 697 411 772 legi:
435 689 600 766 Διόννιισος
614 689 769 766 Διώνυσος
787 691 964 767 Διοῦνοσος.
1009 699 1066 758 Sed
1084 700 1208 760 formam
1226 699 1285 758 for·

199 797 277 862 sitan
295 815 333 854 ex
351 798 490 860 boeotiae
507 799 631 860 dialecto
655 799 694 858 ab
719 800 891 860 Homeridis
913 803 1083 878 adoptatam
1101 818 1165 860 esse
1188 819 1284 874 neme,

199 903 280 976 puto,
302 901 476 971 contendet;
500 900 606 976 potius,
630 919 697 960 cum
713 922 736 959 ω
753 921 817 961 cum
837 902 917 962 Indis
934 902 1147 962 consuetudine
1162 909 1284 977 pugnet,

197 999 321 1066 formam
345 1005 407 1071 τοῖς
432 1001 764 1080 μετοχοροκοηρίζουσιν
784 1005 940 1083 quisquam
962 1023 1017 1080 pro
1041 996 1224 1076 Δοούνυοος,
1247 1003 1286 1062 si·

199 1107 249 1163 cut
271 1103 391 1162 unicum
416 1096 562 1182 ἐριούνιος
586 1104 695 1180 legitur
717 1125 772 1181 pro
800 1099 950 1181 ἐριοίοιος,
972 1105 1092 1181 inputet
1126 1109 1178 1164 ant
1204 1105 1286 1183 quod

195 1204 376 1268 mesenum
392 1213 451 1280 est,
473 1210 604 1266 veterem
628 1207 831 1282 productionis
846 1208 992 1268 rationem
1009 1225 1049 1266 ex
1067 1205 1215 1265 communi
1230 1225 1284 1264 an·

195 1304 336 1385 tiquitata
360 1306 392 1368 in
414 1308 473 1368 hoc
496 1307 688 1370 celeberrimo
712 1309 832 1370 nominc
855 1308 1052 1369 inveteratam
1075 1307 1206 1368 haesisse
1226 1307 1285 1366 sibi

196 1410 379 1484 persuadeat.
1213 1419 1214 1423 ’

283 1508 314 1585 5)
336 1510 488 1572 Αοιοὶείιιο
500 1533 528 1588 p.
542 1516 581 1570 24
596 1511 748 1572 Aeolicam
762 1511 986 1586 productionem
1002 1512 1036 1570 in
1050 1511 1224 1587 vulgaribus
1234 1511 1283 1568 ad·

194 1608 312 1672 iectivis
329 1603 486 1689 ἀνώνυμος
504 1605 678 1688 degarense
692 1612 760 1672 eliis
775 1614 810 1672 de
825 1633 951 1692 quorum
966 1613 1063 1672 vocali
1080 1633 1098 1670 υ
1114 1632 1168 1689 pro
1185 1631 1202 1670 ο
1220 1632 1281 1672 non

195 1709 289 1773 solum
297 1695 421 1776 Aeolica
430 1715 788 1798 sedcornmuniiamdixi,
811 1715 1027 1790 agnoscendam
1041 1733 1105 1774 esse
1113 1714 1218 1774 statuit
1228 1733 1282 1790 pro

194 1807 298 1872 Ionico
315 1805 430 1890 οὕνομα
449 1817 602 1878 Aeolicum
624 1807 728 1890 daupu
751 1818 929 1892 subponens
976 1816 1061 1876 Licet
1082 1819 1180 1876 autem
1203 1823 1283 1876 recte

194 1931 226 1977 ao
240 1915 337 1989 possit
351 1916 476 1988 babere,
501 1918 621 1978 minime
636 1917 790 1994 probabile
809 1922 868 1988 est;
892 1917 980 1993 plane
997 1937 1068 1978 vero
1085 1918 1188 1976 emam
1213 1936 1283 1976 con·

195 2013 312 2076 dicione
329 2017 424 2080 utitur
444 2037 506 2078 vox
532 2012 712 2096 πανήγυρις,
743 2019 826 2080 cuius
843 2018 999 2096 productio
1017 2037 1077 2077 non
1103 2036 1143 2076 ex
1158 2018 1281 2093 Aeolide

195 2118 286 2190 patet,
310 2121 401 2195 οοροο
415 2119 543 2194 plurime
559 2119 619 2178 elia
633 2119 776 2178 vocabule
793 2123 937 2195 praebent
952 2120 985 2178 in
1005 2119 1196 2178 commissura
1211 2121 1281 2178 dna·

196 2233 263 2284 rum
282 2237 388 2278 vesum
405 2223 580 2297 productam
597 2219 744 2282 vocalem:
767 2214 966 2299 γαμψώνυχες
987 2213 1203 2300 κρατερώνυχες
1229 2242 1280 2278 an·

193 2312 331 2397 τωρυχής
345 2319 505 2398 οἰκωφελίη
520 2314 662 2400 εὐήμενος
678 2312 812 2397 ὑπήκοος
824 2315 1004 2400 δυςήρετμος
1018 2324 1077 2382 alia
1093 2324 1142 2400 (ef.
1152 2325 1280 2384 Beklrer.

194 2420 432 2482 censuerant
455 2445 483 2502 p.
501 2427 572 2510 278.
593 2429 664 2484 280.
689 2425 796 2484 Hartel
812 2445 840 2501 p.
854 2425 937 2501 396).
992 2425 1138 2486 (lhristius
1160 2426 1280 2506 quidem

196 2524 430 2588 mutuationem
458 2527 608 2588 exstitisse
633 2518 829 2602 opo-ovem
859 2525 1086 2607 epompio-ovo}
1114 2527 1281 2588 autumavit

193 2642 223 2700 p.
239 2629 289 2700 58,
310 2628 429 2689 Gustus
445 2649 517 2690 vero
534 2631 570 2688 de
588 2635 678 2705 temp.
696 2634 728 2688 et
744 2631 821 2688 mod.
838 2650 867 2705 p.
887 2634 954 2688 144.
972 2622 1145 2706 σοφώτερος
1164 2620 1279 2686 dasiro

193 2747 249 2802 ρος
267 2720 435 2804 »institutor
450 2722 657 2806 δολιχήρετμος
675 2721 810 2803 desudem
830 2728 1013 2804 euphonicae
1029 2729 1138 2788 rationi
1155 2729 1279 2804 produc·
1314 2712 1317 2714 ’

193 2829 308 2890 tionem
330 2831 438 2890 debere
461 2830 612 2906 probavit,
642 2829 713 2908 quia
731 2829 842 2890 Graeca
867 2830 970 2903 lingua
992 2829 1120 2905 plurium
1144 2828 1279 2888 brevium

194 2929 374 3008 syllabarum
390 2931 531 2991 continuo
547 2922 791 3008 subsequentium
806 2929 956 3006 inpatiens
966 2929 1024 2988 fnit
1039 2929 1079 3006 (v.
1091 2928 1150 2986 Erl.
1166 2947 1195 3005 p.
1211 2932 1279 2986 115.

194 3031 310 3092 Hartel.
328 3052 355 3108 p.
368 3035 459 3110 461);
488 3031 641 3094 Hartelius
658 3031 751 3107 igitur
769 3031 820 3089 ubi
837 3031 952 3110 liquida
965 3030 1098 3090 vocalem
1120 3031 1279 3107 exciperet,

52 3179 54 3185 .
117 3197 120 3202 ,
194 3133 284 3196 etiam
300 3134 332 3194 in
350 3135 455 3196 mediis
469 3135 610 3207 vocibus,
639 3133 671 3192 in
689 3135 830 3194 duratura
851 3132 932 3192 illius
952 3133 1195 3209 pronuntiatione
1212 3151 1279 3192 ceu·

192 3253 256 3294 sam
271 3237 454 3313 producendi
474 3257 539 3298 esse
562 3236 690 3314 positam
713 3233 828 3310 accepit
845 3235 896 3313 (ef.
913 3242 1013 3296 tamen
1028 3237 1108 3296 Ourt.
1127 3235 1209 3294 Stud.
1226 3235 1278 3294 IV.

193 3356 222 3414 p.
239 3341 310 3398 480.
327 3339 377 3416 ru).
421 3342 528 3420 Itaque
546 3338 673 3400 Ameisii
691 3335 895 3414 explanationi
913 3355 1002 3417 quam
1020 3337 1148 3398 maxime
1166 3336 1278 3397 diffido.

267 3523 292 3602 §-
316 3531 344 3585 9.
396 3527 449 3586 De
472 3527 632 3595 diaeresi
657 3525 927 3586 contractione
949 3525 1205 3602 correptione

565 3628 898 3703 diphthongorum.

286 3747 432 3827 Pleraque
461 3765 536 3826 qnae
570 3747 625 3804 hae
655 3747 841 3821 paragrapho
874 3746 1112 3822 conprehendam
1140 3744 1279 3806 inmerito

192 3848 225 3908 in
248 3847 417 3908 Homericis
442 3847 621 3908 carminibus
645 3866 685 3905 ex
710 3847 854 3918 aeolicae¹
874 3847 991 3906 dialecti
1017 3845 1279 3906 consuetudinibus

193 3949 332 4010 dicuntur
353 3950 584 4027 explicationem
604 3949 722 4009 habere.

191 4095 198 4106 .
281 4052 312 4128 1)
329 4051 468 4110 Omnium
483 4051 733 4129 diphthongerum
748 4067 884 4126 peratum
895 4050 946 4126 84)
964 4068 999 4108 ea
1013 4050 1164 4125 esterigo,
1182 4053 1218 4110 ut
1230 4049 1280 4110 vel

263 4189 306 4246 Μ)
330 4187 479 4235 Abransium
508 4187 556 4235 duo
580 4185 697 4235 diaeresis
723 4199 815 4247 genera
838 4167 1030 4246 distinguentem
1055 4184 1177 4233 Ameieius
1201 4198 1227 4254 p·
1247 4183 1279 4242 id

193 4276 259 4322 recte
276 4272 420 4322 coenavit.
484 4299 487 4312 ι
534 4283 537 4288 ·
