3126 5256
294 607 343 675 75,
365 610 402 664 80
422 611 477 668 eto.
501 607 591 668 sohel.
610 609 645 666 A.
664 606 700 664 ad
718 607 755 664 Α.
776 606 844 669 176.
867 607 954 682 Grsg.
970 609 1089 668 Oenea
1105 607 1173 668 dial.
1194 608 1277 668 A'eol.
1292 610 1316 682 ς.
1329 613 1382 668 26.

292 727 322 784 p.
334 711 406 768 608.
452 712 578 770 Δία-οπο.
595 709 617 770 Ι.
639 728 668 784 ρ.
685 711 751 780 109,
770 707 825 786 e),
857 710 942 784 Greg.
969 715 1066 770 autem
1094 715 1248 786 praeterea
1273 710 1383 770 Attiois

292 811 342 886 (de
357 810 425 870 diat
447 815 507 872 att.
528 810 553 888 S.
567 813 615 870 4-1.
635 827 664 884 p.
677 809 731 885 96)
752 829 803 870 eos
825 811 1039 874 adiudieerunt.
1083 812 1140 872 Sed
1156 813 1193 871 da
1209 812 1310 871 Attiou
1327 811 1381 870 tali

294 911 426 974 flexione
442 913 518 973 nihil
543 915 646 970 notum
669 916 715 970 est
741 917 833 992 atque
856 915 935 992 quod
960 915 1093 974 Koenius
1115 913 1225 974 adtulit
1247 910 1383 988 Κρονίδα

297 1007 373 1084 Zetis
393 1035 431 1072 ex
449 1013 550 1089 Eurip.
570 1012 676 1072 Baeeh.
699 1035 727 1072 v.
747 1019 803 1085 2⁶,
833 1033 913 1074 nune
936 1014 1085 1091 Κρονίδας
1106 1022 1186 1076 reete
1208 1015 1380 1074 restitutum

295 1123 353 1186 est;
386 1115 507 1174 Reiaius
530 1133 601 1174 vero
623 1114 674 1190 (ei.
690 1114 838 1176 Sohaefer.
865 1117 902 1176 ad
921 1117 1042 1192 Gregor.
1058 1137 1087 1194 p.
1101 1117 1164 1194 98.)
1180 1117 1382 1178 nominativos

294 1216 469 1278 Homericos
486 1214 538 1295 qui
560 1220 713 1276 sonantum
735 1218 767 1278 in
786 1218 951 1296 penultima
966 1220 1135 1280 Imbuerunt
1150 1219 1266 1278 Attioos
1287 1218 1381 1278 fuisse

293 1317 458 1394 suspicatus
484 1323 562 1390 erat;
596 1318 745 1378 Heminae
771 1321 1121 1396 Stephanus.vooetivos
1147 1321 1325 1396 probaverat
1345 1320 1378 1378 in

293 1418 378 1496 Thes.
394 1419 429 1480 V.
449 1439 477 1495 p.
493 1424 581 1480 1464.
627 1423 663 1480 In
681 1441 740 1500 qua
753 1422 925 1499 opinionum
941 1421 1113 1484 diversitate
1129 1441 1201 1482 sane
1216 1420 1378 1482 tentissime

293 1539 373 1582 nune
391 1521 412 1578 ii
437 1522 549 1580 versari
574 1523 715 1582 videntur
744 1525 795 1602 qui
820 1529 970 1598 correptae
987 1525 1098 1584 formae
1120 1525 1198 1600 apud
1215 1524 1377 1583 Aeoienses

295 1625 326 1684 in
344 1644 399 1684 usu
418 1623 510 1682 fuisse
534 1626 701 1684 oonoedunt
722 1625 896 1703 inquorum
922 1625 1031 1688 iudioio
1055 1626 1300 1704 aequieaoendom
1323 1631 1378 1684 est.

294 1729 393 1804 Atque
410 1728 615 1800 persommode
636 1735 804 1801 oongruunt
822 1728 959 1804 exempla
974 1727 1134 1788 Honorino
1154 1745 1229 1806 quae
1248 1733 1379 1803 apertam

293 1826 484 1886 formularum
505 1827 588 1902 poesi
614 1828 791 1888 seneitarum
816 1829 944 1905 speeiem
968 1847 1040 1904 prae
1069 1849 1100 1888 se
1122 1829 1224 1889 ferunt
1249 1847 1315 1888 eum
1343 1847 1380 1888 ea

294 1928 409 1988 ratione
439 1943 498 2006 qua
522 1947 575 2004 pro
601 1928 687 1988 iustis
712 1929 868 1990 Aeolismis
891 1931 1083 1993 venditantur
1106 1931 1146 2007 (v.
1174 1931 1281 2006 Bergk.
1308 1930 1377 1990 hist.

293 2031 350 2090 litt.
368 2050 396 2106 p.
414 2035 483 2089 853.
501 2029 637 2105 n.139.).
681 2030 791 2090 Tamen
810 2034 889 2110 quod
904 2053 960 2092 usu
977 2033 1080 2093 Ionioo
1096 2030 1183 2092 fenile
1197 2033 1377 2104 terminatio,

292 2133 348 2192 nisi
368 2151 434 2191 eum
449 2133 536 2192 metri
549 2132 756 2192 oommoditate
767 2137 835 2210 apte
854 2136 1036 2206 eoneinebat,
1059 2133 1262 2194 transimmori
1273 2133 1379 2210 potuit,

294 2236 373 2312 quod
395 2235 494 2294 neseio
517 2253 554 2292 an
577 2236 608 2293 in
634 2232 774 2314 Θερσίτης
795 2251 849 2311 pro
874 2231 998 2313 Θίροιτα
1013 2237 1123 2296 feetum
1138 2235 1191 2306 eit,
1213 2235 1243 2294 id
1259 2237 1295 2294 de
1311 2236 1378 2294 stir-

293 2331 339 2412 pia
361 2337 456 2396 venali
481 2336 602 2396 minime
623 2337 799 2414 ¹eonprobmi
822 2336 893 2398 lieet
914 2338 982 2414 (etsi
1005 2337 1134 2417 quidde
1158 2333 1277 2412 ἐρίηρος
1292 2337 1316 2396 ai
1333 2343 1379 2397 est

292 2455 346 2514 pro
371 2434 505 2516 ἒρίαρος,
520 2464 524 2472 ’
537 2438 625 2498 aliter
646 2444 772 2499 statuam
800 2458 860 2498 non
883 2438 1073 2516 enuoleavi.);
1103 2439 1204 2518 itaque
1228 2441 1264 2498 de
1284 2440 1380 2498 formo

293 2532 409 2616 ἠπύτα,
432 2559 485 2616 pro
509 2559 568 2619 qua
582 2541 688 2600 merito
705 2547 861 2616 exspectes
879 2533 993 2612 ὐπύνα,
1021 2541 1108 2600 valde
1123 2541 1316 2602 dubitandum
1331 2545 1377 2600 eat

295 2663 365 2702 num
390 2642 557 2702 Aeolismus
580 2643 632 2716 sit;
664 2643 786 2718 adparet
807 2646 905 2702 autem
934 2661 998 2702 eam
1021 2645 1058 2702 ab
1080 2642 1289 2702 imitatore-
1310 2661 1377 2704 uem

293 2746 363 2806 huie
379 2765 456 2819 „uon
473 2763 544 2802 sene
559 2763 672 2804 summo
688 2749 813 2821 poetae“
828 2745 990 2804 rectissime
1002 2746 1192 2804 Hermannus
1209 2747 1246 2804 de
1262 2745 1376 2804 amend.

291 2854 346 2907 rat.
365 2868 407 2922 gr.
427 2846 475 2904 (ir.
498 2866 527 2922 p.
545 2851 593 2907 38.
617 2848 649 2906 in
672 2847 757 2924 epist.
781 2847 817 2906 ad
839 2846 986 2920 Ilgenium
1005 2846 1129 2908 Homeri
1151 2847 1271 2925 hymnis
1293 2864 1376 2924 Prae·

294 2950 356 3008 fixa
378 2949 487 3026 (1806)
510 2949 615 3024 p.·VI[
644 2953 733 3027 atque
755 2948 962 3008 Ieuhmannus
992 2949 1153 3026 (Betraeht.
1176 2967 1206 3025 p:
1222 2950 1274 3027 24)
1297 2949 1377 3008 illam

293 3057 406 3126 partem
429 3050 532 3110 Iliadis
555 3049 607 3125 (H.
624 3055 734 3108 313-
745 3047 778 3108 Θ.
794 3052 868 3127 262)
890 3051 1058 3112 tribuerunt
1080 3085 1121 3094 -
1143 3051 1180 3110 ad
1197 3051 1378 3130 reliquarum

295 3153 460 3226 analogiam
482 3151 558 3210 male
580 3170 644 3211 esse
665 3169 837 3228 proousam;
860 3169 956 3231 neque
978 3153 1083 3212 melius
1102 3158 1150 3213 est
1169 3147 1306 3229 αίχρνρού.

379 3254 435 3314 Seri
467 3255 601 3314 consulto
638 3273 727 3329 supra
762 3253 845 3312 omisi
875 3255 1075 3315 aoouaativum
1106 3249 1255 3332 εὐρύοπα,
1294 3255 1378 3317 oniae

291 3375 376 3414 usum
410 3356 568 3414 maximam
599 3361 711 3432 portem
746 3355 960 3430 posterioribus
990 3358 1087 3432 poetis
1116 3364 1148 3417 et
1181 3357 1378 3433 grammatioia

293 3477 408 3531 ensem,
440 3463 473 3517 ut
494 3457 526 3516 in
547 3458 628 3516 illam
658 3457 834 3518 sententiam
864 3476 940 3536 quae
967 3459 1069 3519 notavi
1097 3459 1268 3520 laberentur
1293 3477 1378 3536 prae·

292 3561 391 3620 buisse
419 3561 483 3621 veri
514 3554 694 3618 simillimum
725 3565 779 3619 est.
838 3559 978 3634 Legimus
1010 3561 1123 3622 seilioet
1150 3554 1284 3639 εὐρύοπα
1315 3561 1379 3636 Ζῆν

295 3663 329 3724 Θ.
347 3669 407 3722 206
431 3662 494 3740 (ubi
517 3662 653 3720 nonnulli
676 3668 792 3722 veteres
813 3663 991 3739 interpretes
1018 3663 1378 3738 nominativuminteile·

292 3785 363 3841 gere
393 3765 488 3842 moliti
515 3770 585 3825 sunt
612 3783 691 3840 pone
720 3755 854 3842 εὐρύοπα
883 3765 1112 3842 distinguentes,
1141 3787 1171 3825 v.
1193 3767 1283 3826 sohel.
1306 3766 1377 3825 Ba.

294 3869 440 3945 Spitauer.
463 3869 500 3926 ed
523 3869 555 3942 l.)
581 3861 612 3928 Ξ.
630 3872 700 3926 265.
719 3865 758 3925 Ω.
778 3871 848 3926 331.
871 3867 903 3926 in
925 3867 1000 3941 fine,
1024 3873 1127 3930 eontra
1147 3869 1179 3927 in
1202 3867 1290 3928 initio
1311 3887 1378 3927 ver·

293 3989 378 4030 auum
400 3955 486 4044 εὗρον
501 3961 527 4025 δ’
549 3968 598 4028 vol
620 3955 706 4045 εὗρον
729 3961 909 4046 δ”εὐρύοπα
926 3952 1080 4046 Κρονίδην
1101 3972 1139 4028 Α.
1154 3975 1226 4030 498.
1252 3969 1287 4028 0.
1309 3973 1377 4028 toa

289 4070 329 4128 Ω.
351 4077 391 4128 98
421 4073 472 4131 ubi
495 4072 649 4131 voxedeo
672 4071 819 4146 planede
849 4074 917 4132 sede
943 4091 998 4132 oue
1024 4077 1070 4132 est
1097 4074 1230 4144 detruse,
1260 4090 1318 4151 qua
1344 4072 1378 4130 in

217 4204 220 4211 ·
291 4191 324 4231 re
342 4174 454 4248 primus
467 4174 506 4231 M.
523 4173 677 4261 Hauptius
688 4175 766 4249 apud
782 4175 901 4234 Laehm.
924 4195 953 4250 p.
973 4179 1031 4234 100
1053 4175 1118 4234 iure
1134 4173 1266 4234 offendit.
1306 4173 1377 4234 uxi-

292 4274 350 4336 mis
374 4274 465 4346 igitur
492 4275 645 4351 perspexit
674 4275 750 4334 hono
778 4277 919 4348 violatam
946 4276 1101 4336 formulam
1132 4279 1221 4351 atque
1249 4275 1378 4340 formem
