3126 5256
709 766 771 830 155

193 939 302 980 norma
315 921 410 981 frctus
425 921 609 982 oblitterant
620 921 658 998 7).
692 920 740 981 Sic
755 921 949 982 clarissimum
964 923 1114 984 Atticismi
1128 927 1283 1004 summram,

195 1023 254 1082 etsi
269 1022 412 1082 lectiones
426 1023 498 1082 satis
511 1023 641 1083 munitas
655 1023 788 1096 retinuit,
802 1042 863 1082 una
877 1043 943 1084 oum
955 1031 1149 1103 praeceptore
1160 1027 1284 1088 Ionismi

197 1123 413 1184 studiosissimo
433 1124 556 1184 indubie
571 1125 787 1184 Aeolismornm
803 1125 1029 1186 Homericorum
1048 1128 1177 1203 spatium
1199 1129 1285 1190 artie·

197 1225 281 1285 simis
308 1225 446 1285 cancellis
476 1226 665 1302 descripsisse
692 1225 752 1284 iam
775 1226 891 1286 Giesius
912 1247 942 1304 p.
963 1232 1021 1288 180
1046 1229 1285 1290 conmemoravit.

283 1327 395 1386 Verum
421 1327 500 1386 euim
528 1347 600 1388 vero
630 1327 696 1386 eliis
721 1328 904 1388 Homerus
930 1329 1050 1388 fuisse
1076 1330 1284 1390 Aeolensis

196 1427 326 1506 Smyrna
340 1429 481 1489 oriundus
502 1429 553 1490 vel
574 1435 699 1488 amatia
713 1430 844 1488 (lumaua
864 1434 952 1489 natus
965 1431 1048 1490 visus
1067 1431 1161 1510 escS).
1201 1430 1284 1495 Quae

196 1535 297 1589 cutem
319 1530 467 1590 sententia
487 1531 617 1590 Pindaro
639 1530 832 1590 Stesimbroto
855 1531 962 1591 Thasio
984 1533 1051 1592 aliis
1072 1534 1201 1592 maxime
1221 1533 1285 1610 pla-

197 1631 345 1711 cueratl),
361 1651 426 1691 eam
437 1631 620 1704 Hellanicus,
636 1631 809 1707 Agathoclis
818 1633 978 1693 Zenodotei
993 1634 1154 1710 discipulus
1169 1635 1286 1694 colaber

197 1733 407 1808 grammaticus
426 1733 652 1812 Aristarchique
674 1734 858 1794 adversamus
880 1735 1047 1809 acerrimus,
1070 1735 1154 1795 cuius
1175 1755 1284 1794 memo·

195 1834 272 1894 riam
295 1836 331 1894 ab
347 1833 497 1896 oblivione
511 1834 646 1894 sossius
662 1834 834 1908 vindicavit,
857 1836 1034 1914 adripuerat.
1077 1839 1109 1896 Is
1123 1837 1203 1896 enim
1218 1857 1284 1898 oum

199 1935 362 2013 Odysseam
389 1937 426 1994 ab
456 1937 588 1995 Homero
617 1937 766 1997 conditam
796 1956 860 1996 esso
888 1939 1011 2013 negavit
1038 1942 1101 1998 tum
1129 1937 1163 1997 in
1190 1939 1285 2000 lliade

196 2038 298 2114 plures
324 2035 492 2097 Aeolismcs
518 2039 658 2097 odoratus
687 2043 746 2112 cst,
778 2057 957 2120 quamquam
984 2038 1137 2100 Dorismos
1165 2059 1285 2121 quoque

197 2139 276 2198 sicut
296 2130 409 2213 dalboia
427 2140 465 2196 E.
482 2145 554 2198 269.
575 2139 625 2216 (cf.
644 2141 735 2200 schol.
758 2140 846 2217 vict.)
870 2141 1090 2219 statuerat10);
1112 2143 1192 2221 qued
1212 2161 1285 2204 vero

199 2240 360 2299 Gnauentus
381 2241 400 2299 l.
418 2241 437 2299 l.
456 2245 532 2313 208,
562 2241 678 2317 (Lahrs.
700 2245 751 2299 Ar.
774 2261 802 2316 p.
821 2242 896 2318 812)
924 2260 991 2300 eum
1022 2261 1123 2302 omnes
1145 2245 1286 2304 dialectos

197 2341 355 2416 agnovisse
369 2341 454 2414 dixit,
470 2342 501 2400 id
516 2359 713 2418 praepropere
729 2341 866 2416 conlegit.
894 2344 983 2401 Hunc
994 2343 1138 2402 Aeolismi
1151 2345 1285 2404 favorem

198 2444 298 2519 plures
320 2444 486 2503 adscitorcs
511 2443 651 2502 habuisse
672 2443 770 2502 elucet
796 2462 814 2501 e
841 2443 1010 2504 testimonio
1039 2449 1143 2505 notatu
1165 2446 1285 2526 quidem

198 2543 371 2630 dignissimo
400 2545 451 2604 sed
480 2544 612 2606 tenebris
639 2544 711 2604 eatis
739 2545 889 2605 involuto:
920 2537 974 2620 τὴν
1003 2540 1035 2604 δὲ
1065 2533 1184 2623 colpeio
1214 2542 1285 2605 olco·

199 2641 397 2725 γινώσκεσθαι
420 2637 499 2716 &toz
521 2639 670 2724 Ζώπυρος
693 2637 710 2706 o‘
733 2641 863 2725 Μάγνης
885 2644 1004 2706 Αἰολίδι
1025 2643 1179 2731 διαλέκτῳ·
1201 2643 1236 2707 'cd
1259 2643 1286 2708 δ’

199 2740 274 2806 coito*
301 2745 353 2806 aci
374 2747 555 2824 Δικαίαρχος
583 2751 620 2808 ab
643 2750 762 2808 Osanno
790 2750 823 2808 in
845 2752 956 2810 Anccd.
978 2751 1064 2826 Rom.
1086 2758 1150 2828 p.5
1173 2753 1286 2829 publici

197 2851 274 2910 iuris
293 2851 381 2924 facto,
404 2851 437 2908 in
459 2850 542 2910 cuius
557 2851 757 2927 disputatione
779 2871 807 2928 p.
823 2857 885 2911 280
901 2873 943 2932 sq.
966 2853 1060 2914 multa
1079 2873 1141 2912 non
1162 2859 1287 2930 possunt

198 2951 328 3028 probari.
372 2951 501 3015 Quinam
522 2951 567 3010 illi
588 2953 703 3012 fuerint
723 2953 774 3031 qui
788 2954 847 3012 hoc
862 2954 1002 3029 placitum
1018 2956 1206 3029 protulerunt
1220 2977 1286 3032 per-

198 3053 320 3113 difficile
342 3060 387 3114 est
407 3053 444 3112 ad
459 3053 683 3112 decernendum.
726 3054 803 3110 Nam
823 3055 902 3133 quod
918 3055 1055 3114 Osannus
1071 3057 1284 3116 Dicaearchum

198 3152 380 3214 Messeniam
412 3161 443 3214 et
471 3155 620 3232 Zopyrum
653 3155 823 3229 Magnetem
854 3174 922 3214 cum
952 3155 1103 3216 intellexit
1131 3158 1184 3236 qui
1217 3154 1284 3237 περὶ

199 3249 341 3332 Maliaco
356 3255 476 3326 κτίσεως
499 3257 657 3333 scripserat
671 3256 794 3335 eiusque
810 3257 908 3331 operis
929 3257 962 3315 in
975 3256 1052 3316 libro
1067 3263 1172 3337 quarto
1188 3259 1285 3320 locum

198 3357 391 3417 Homericum
413 3355 453 3433 (v.
474 3358 565 3418 schol.
586 3359 623 3416 K.
642 3358 717 3435 275)
739 3357 939 3436 tetigerat11)
960 3377 1087 3437 eumque
1108 3359 1286 3420 Aeolensom

198 3459 291 3520 fuisse
308 3465 391 3518 ratiis
405 3461 442 3517 ad
457 3460 641 3535 Magnesiam
656 3461 808 3538 Lydicam,
829 3479 890 3520 uon
904 3460 942 3520 ad
956 3461 1140 3536 Magnesiam
1153 3462 1286 3522 Caricam

199 3576 275 3641 quac
296 3563 367 3620 urbs
393 3579 412 3618 a
432 3560 600 3620 Thessaliae
622 3563 813 3638 Magnetibus
839 3564 959 3622 condita
985 3569 1016 3622 et
1042 3569 1111 3640 post
1131 3564 1286 3624 discidium
1367 3579 1369 3584 '

199 3684 224 3722 a.
241 3664 300 3723 726
323 3683 342 3722 a
361 3662 525 3722 Cimmeriis
547 3664 657 3724 factum
680 3684 697 3722 a
714 3665 838 3724 Milesiis
858 3666 998 3726 restituta
1018 3668 1096 3742 apud
1111 3666 1286 3726 Strabonem

199 3786 228 3842 p.
246 3764 369 3841 64712)
399 3770 429 3822 et
456 3764 489 3822 in
519 3765 605 3823 titulo
631 3765 650 3824 l.
671 3785 700 3824 n.
719 3771 801 3824 2910
832 3767 952 3826 Aeolica
980 3769 1076 3839 audit,
1108 3769 1287 3841 amandavit,

200 3867 382 3942 argumentis
403 3865 490 3926 valdo
511 3865 637 3924 infirmis
666 3867 772 3925 nititur
797 3887 894 3946 noque
923 3869 960 3924 ab
984 3866 1133 3944 opinionis
1162 3869 1287 3928 arbitrio

270 4002 296 4066 d)
313 4002 407 4050 Osann.
425 4003 442 4048 l.
454 4002 470 4047 l.
489 4015 513 4060 p.
527 4001 583 4047 286.

269 4086 295 4151 8)
312 4103 337 4135 v.
355 4085 568 4135 Pseudo-Herod.
588 4099 608 4132 c.
622 4088 662 4134 88.
677 4085 718 4134 88.
741 4083 984 4133 Pseudo-Plutarch.
1002 4083 1052 4129 vit.
1070 4084 1142 4130 Hom.
1161 4099 1181 4130 c.
1195 4087 1218 4145 2.
1245 4099 1284 4144 ap

199 4174 330 4223 Westerm.
345 4172 434 4221 Lauer.
446 4187 470 4232 p.
483 4171 591 4221 86-90.
611 4169 703 4218 Osann.
715 4186 740 4230 p.
753 4171 810 4218 282.
830 4168 935 4229 Sangob.
948 4169 967 4216 1.
980 4182 1004 4228 p.
1014 4169 1140 4216 89-101.
1159 4168 1192 4214 Il.
1206 4183 1230 4228 p.
1242 4170 1285 4230 66.

269 4258 294 4321 8)
312 4273 337 4303 v.
355 4258 443 4306 Lauer.
462 4273 485 4317 p.
500 4259 609 4304 106-8.
627 4255 731 4318 Sougela
743 4258 763 4304 1.
780 4273 805 4318 p.
820 4258 877 4305 166.
897 4255 953 4302 205.
979 4254 1010 4300 11.
1029 4266 1053 4311 p.
1067 4254 1089 4297 1.
1110 4253 1150 4298 16.
1168 4255 1210 4302 20.

270 4341 312 4406 10)
333 4342 439 4402 Sengob.
450 4345 470 4390 1.
489 4359 513 4404 p.
528 4346 568 4393 65.
587 4345 679 4405 Bergk.
697 4343 743 4392 litt.
762 4341 806 4390 Gr.
824 4343 880 4390 hist.
898 4342 917 4389 1.
935 4355 960 4400 p.
972 4341 1030 4387 lla.
1044 4339 1101 4386 861.
1119 4353 1144 4384 ιι.
1158 4339 1216 4386 166.

270 4429 315 4487 11)
332 4427 467 4475 Teuffclius
484 4430 510 4476 in
527 4429 655 4490 Paulyana
671 4429 774 4489 Encycl.
792 4445 818 4477 v.
829 4429 872 4475 Vl.
891 4442 917 4488 p.
929 4426 995 4474 2882
1013 4424 1043 4472 de
1054 4424 1153 4484 Zopyro
1164 4423 1286 4484 Byzantio

199 4511 316 4560 historico
334 4513 443 4572 cogitare
460 4515 552 4560 maluit.

271 4599 313 4659 12)
331 4596 388 4644 ibid.
406 4597 455 4642 vol.
468 4597 511 4644 IV.
530 4612 552 4657 p.
569 4600 641 4646 1446.
