3424 5386
742 1179 790 1224 DE

272 1323 516 1410 flabasium
541 1323 809 1402 ELOCUTIONIS
835 1324 1036 1402 vasileus
1061 1325 1256 1404 molleta

307 1556 380 1614 (lum
398 1561 515 1620 veteres
533 1555 702 1634 quicunque
720 1554 850 1614 studium
867 1560 899 1614 et
917 1555 1072 1630 ingenium
1088 1556 1127 1614 ad
1144 1577 1192 1616 res
1210 1575 1307 1631 gram

193 1677 196 1682 ’
221 1657 345 1716 maticas
376 1657 566 1716 contulerunt
590 1656 624 1716 in
646 1656 815 1716 Homericis
843 1657 1038 1730 carminibus,
1074 1677 1112 1718 ex
1141 1659 1248 1737 quibus
1273 1665 1308 1718 ut

222 1779 310 1818 omne
325 1759 507 1836 principium
518 1764 708 1837 sumpserunt
722 1759 764 1818 sic
778 1759 808 1817 in
821 1759 942 1834 linguae
953 1759 1082 1818 Graecae
1093 1761 1308 1839 discrepantias

174 1873 176 1878 ’
220 1861 400 1938 inceperunt
414 1861 581 1942 inquirere,
609 1862 711 1940 plures
730 1862 872 1920 dialectos
897 1863 1046 1922 adhibitas
1063 1881 1128 1922 esse
1147 1863 1219 1924 satis
1239 1883 1308 1922 con-

221 1963 350 2022 fidenter
365 1963 552 2037 statuissent,
575 1997 618 2007 -
641 1983 699 2043 qua
715 1964 749 2022 in
767 1985 801 2024 re
822 1963 962 2022 subsidiis
983 1983 1054 2023 sane
1075 1966 1233 2026 severioris
1250 1967 1308 2024 dis-

222 2064 350 2142 ciplinae
369 2069 399 2124 et
419 2065 451 2124 in
470 2066 575 2142 primis
590 2066 707 2125 ratione
731 2084 806 2145 qnae
822 2071 954 2124 aetatum
975 2065 1093 2124 demum
1114 2067 1239 2126 decursu
1257 2089 1309 2128 ex·

223 2167 332 2226 colitur
359 2167 517 2228 historiam
543 2167 664 2242 linguae
693 2173 723 2227 et
748 2167 942 2228 dialectorum
971 2169 1190 2246 contemplandi
1220 2189 1309 2248 quam

221 2269 351 2330 maxime
368 2269 503 2328 destituti
520 2291 580 2329 non
596 2290 664 2343 raro
681 2273 819 2330 errarunt
837 2271 917 2328 etin
931 2271 1105 2332 universum
1122 2291 1227 2350 parum
1245 2273 1309 2351 pla-

223 2392 295 2430 num
317 2376 407 2452 atque
430 2373 558 2431 liberum
579 2374 771 2448 profecerunt
790 2373 934 2432 iudicium
958 2406 1001 2416 —-
1023 2373 1105 2434 inter
1127 2375 1309 2434 recentiores

222 2473 333 2552 passim
354 2493 391 2533 ea
411 2473 512 2551 opinio
530 2474 704 2549 increbruit,
726 2476 890 2534 Homerum
907 2474 1042 2548 linguam
1056 2477 1184 2552 priscam
1200 2482 1231 2536 et
1248 2499 1310 2538 om·

222 2575 312 2636 uibus
335 2575 447 2636 Graece
470 2576 660 2656 loquentibus
686 2577 840 2636 etiamtum
863 2580 1049 2636 communem
1069 2598 1166 2658 neque
1192 2580 1253 2638 iam
1275 2581 1311 2639 in

223 2678 365 2738 dialectos
382 2679 536 2739 discissam
553 2698 711 2756 usurpasse
733 2679 861 2758 ideoque
884 2684 937 2738 aut
954 2679 1095 2739 Aeolioae
1115 2687 1167 2740 aut
1182 2680 1310 2740 Doricae

224 2780 349 2840 dialecto
366 2783 476 2840 formas
492 2801 565 2860 quas
581 2782 701 2840 Ionicus
714 2786 802 2857 poeta
812 2780 882 2838 inde
899 2801 963 2839 esse
979 2786 1129 2840 mutuatus
1146 2783 1309 2840 censendus

225 2889 315 2956 esset,
337 2903 393 2943 neo
409 2903 496 2961 posse
511 2901 568 2942 nec
584 2883 692 2941 debere
707 2882 871 2956 adsignari;
896 2901 984 2960 quam
998 2881 1129 2958 amplexi
1146 2888 1216 2942 sunt
1230 2884 1309 2944 Har-

222 2985 368 3063 lessius1)
388 2985 546 3044 Gedickius
557 2986 587 3062 ²)
604 2985 741 3062 Heynius
752 2984 782 3062 ³)
801 2985 1001 3043 Buttmannus
1012 2985 1041 3061 4)
1058 2985 1270 3063 Bernhardyus
1279 2987 1309 3063 5)

222 3087 405 3147 Matthiaeus
415 3086 443 3164 6)
457 3087 520 3147 alii.
562 3092 662 3167 Atque
678 3087 756 3146 idem
771 3090 905 3146 senserat
918 3086 1095 3160 Burgessius
1112 3088 1162 3166 qui
1176 3089 1309 3148 Homero

222 3190 406 3250 Aeolismum
420 3179 452 3249 h.
469 3211 495 3251 e.
507 3189 689 3264 ,Aeolicam
706 3189 770 3250 sive
788 3189 929 3248 Doricam
951 3189 1105 3267 antiquam
1122 3195 1153 3249 et
1169 3191 1233 3250 fere
1250 3192 1311 3268 pri-

221 3311 358 3354 maevam
382 3291 524 3351 Graeciae
552 3291 711 3352 dialectum
732 3296 764 3350 et
785 3296 950 3350 ceterarum
971 3291 1138 3368 principem
1164 3297 1195 3352 et
1224 3294 1310 3372 quasi

221 3381 347 3454 matreni
362 3413 452 3473 quam
466 3395 667 3474 loquebantur
689 3413 750 3452 non
773 3413 834 3454 una
852 3414 940 3468 gens,
971 3394 1023 3452 sed
1041 3392 1157 3474 antiqui
1174 3393 1309 3456 universi

224 3492 346 3556 Graeci”
363 3495 530 3558 vindicavit
541 3497 570 3574 7)
591 3516 682 3576 quam
698 3495 877 3554 sententiam
897 3515 958 3554 non
974 3496 1101 3556 debebat
1118 3495 1255 3554 Osannus
1275 3497 1309 3556 in

336 3649 366 3694 In
382 3648 480 3696 Fabric.
497 3647 556 3696 bibl.
576 3647 663 3696 Graec.
682 3649 702 3695 Ι.
719 3663 744 3708 p.
758 3650 816 3696 564.

337 3733 363 3779 in
379 3732 553 3793 Promptumic
569 3735 644 3780 litter.
661 3734 792 3782 startiam
809 3733 917 3780 Borolin.
935 3734 956 3780 1.
976 3737 999 3780 2.
1017 3747 1040 3794 p.
1055 3734 1087 3779 22
1106 3733 1139 3792 (a
1160 3734 1245 3792 1782).

335 3833 362 3864 v.
378 3817 450 3864 lliad.
465 3822 523 3866 tom.
541 3818 596 3865 Vll.
613 3833 638 3878 p.
653 3820 709 3868 712.

292 3903 320 3966 4)
337 3903 363 3950 in
381 3916 484 3962 mamm.
502 3901 588 3950 Graec.
605 3905 680 3964 ampl.
698 3903 734 3950 12.
752 3903 776 3964 §-
789 3904 812 3950 1.
825 3905 849 3950 4.
871 3903 1051 3963 p.e,§.1oa
1075 3917 1101 3950 n.
1115 3899 1184 3964 δ”).
1206 3915 1232 3962 p.
1246 3902 1304 3952 5⁰6.

293 3988 319 4051 5)
337 4004 361 4036 v.
381 3989 438 4035 hist.
455 3987 529 4035 litter.
547 3987 633 4036 (traco.
651 3987 689 4034 1³.
706 4003 731 4048 p.
744 3991 785 4036 29.

292 4073 318 4136 6)
335 4075 361 4121 in
378 4087 482 4133 gramm.
502 4071 625 4122 Graec-L
644 4089 668 4136 p.
683 4078 706 4123 9.

293 4157 319 4222 l)
335 4158 456 4208 Centoras
478 4159 531 4207 elus
547 4159 630 4209 adnot.
654 4161 686 4208 ad
702 4159 812 4208 Dawesil
829 4159 931 4208 miscell.
951 4159 1028 4208 aritio.
1047 4174 1071 4220 p.
1086 4161 1145 4208 399.
1157 4159 1222 4218 4063
1249 4172 1309 4207 usus

224 4257 278 4291 sum
295 4245 401 4292 editione
419 4244 585 4292 Harlcssiana.

1074 4337 1088 4389 1
