3126 5256
565 1417 677 1513 Pars
707 1416 867 1512 altera.

204 1607 259 1683 De
285 1603 497 1685 oondioione
523 1614 559 1742 et
584 1631 694 1706 eausa
720 1581 958 1710 vestigiorum
981 1605 1228 1685 'Aeolioornm

259 1843 457 1904 Alexandrini
473 1844 656 1925 antiquiores
680 1846 752 1928 qnid
768 1847 804 1906 de
818 1845 992 1908 versicolori
1007 1843 1183 1905 elocutionis
1197 1843 1262 1902 Ho-

171 1944 303 2004 meriooe
325 1946 423 2022 speeie
445 1947 568 2032 eiusque
583 1947 697 2022 origine
714 1949 886 2010 censuerint
907 1969 924 2008 e
945 1948 1064 2008 traditis
1084 1945 1263 2007 lectionibus

173 2046 333 2106 eominus
358 2066 413 2124 pro
444 2055 525 2109 nemo
554 2049 705 2110 adfirmari
732 2055 844 2128 potest,
876 2051 946 2130 quia
967 2049 1006 2109 iis
1028 2069 1046 2109 a
1067 2049 1211 2126 proximis
1234 2051 1265 2106 et

170 2147 390 2226 posterioribus
413 2151 645 2224 snooessoribus,
671 2151 820 2212 onmium
840 2151 888 2208 his
910 2171 983 2211 vera
1003 2156 1178 2225 argumenta
1200 2148 1263 2224 ple·

171 2269 301 2329 rumque
327 2250 432 2325 ignota
459 2253 552 2314 fuisse
578 2252 751 2326 videantur,
780 2251 933 2310 interdum
960 2271 1065 2312 oausao
1093 2249 1263 2326 subpositae

173 2356 246 2410 aunt
274 2371 385 2432 eaeque
413 2372 501 2430 saepe
530 2373 547 2412 e
569 2352 703 2414 dialectis
724 2355 849 2415 haustae
877 2353 925 2432 (ot.
946 2375 973 2432 p.
994 2354 1055 2431 33).
1099 2353 1210 2411 Tamen
1231 2349 1263 2409 io

171 2453 304 2512 maxime
327 2454 451 2532 adparet
470 2453 538 2518 illos
559 2455 592 2514 in
611 2456 705 2516 nausis
728 2456 791 2518 eius
812 2455 858 2516 rei
880 2455 1038 2514 odorandis
1060 2473 1164 2530 parum
1183 2452 1279 2513 solli--

174 2554 250 2614 oitos
272 2559 362 2638 atque
382 2556 515 2634 ipsorum
536 2557 747 2634 praeiudioatis
770 2557 960 2635 opinionibus
980 2559 1162 2629 oboaeoatm,
1184 2555 1264 2614 unde

175 2675 212 2714 ea
228 2656 399 2716 discrimina
414 2659 493 2735 apud
506 2660 671 2720 Homerum
687 2665 783 2720 traota
802 2666 916 2731 essent,
940 2658 1118 2739 exquisitius
1133 2656 1264 2717 noluisse

174 2755 289 2816 rimari.
338 2760 523 2822 Homerus
552 2760 636 2838 ipse
667 2760 864 2822 dialectos
893 2755 1102 2820 mis‘oniese
1132 2760 1265 2820 erede·

175 2859 297 2928 batur.
340 2861 447 2946 Itaque
476 2861 557 2924 inter
585 2863 771 2921 narrationes
799 2861 841 2921 de
868 2862 1025 2928 Homeri
1055 2880 1195 2935 genere
1224 2880 1265 2918 ao

175 2961 310 3039 patria
332 2961 518 3022 oiroumletns
537 2981 625 3042 quam
642 2963 768 3041 quisque
785 2963 1075 3039 maxime-probabat
1097 2980 1161 3019 eam
1177 2979 1265 3034 argu·

175 3063 286 3146 mentis
309 3063 372 3124 sive
400 3067 527 3125 erebus
549 3065 613 3127 sive
640 3065 802 3127 erooibus
828 3064 930 3142 petitis
956 3062 1100 3124 nonnulla
1125 3065 1158 3122 ut
1187 3081 1204 3120 e
1230 3081 1264 3120 re

175 3163 337 3226 videbatur
357 3166 559 3243 interpretans
580 3186 760 3246 magnopore
781 3168 918 3226 studebat
938 3163 1094 3240 fu101101).

262 3267 430 3328 Zenodotns
463 3262 583 3348 quidem
611 3270 763 3330 liberrime
793 3269 943 3331 rariorum
973 3267 1166 3328 dialectorum
1195 3284 1264 3342 pro·

176 3366 320 3446 prietates
348 3369 384 3427 ad
413 3374 530 3429 textum
551 3371 746 3432 Homericum
767 3371 1005 3431 constituendum
1029 3369 1175 3440 admovit,
1207 3388 1266 3449 qua

177 3468 212 3527 in
238 3489 271 3529 re
292 3470 451 3548 praeoipne
479 3471 605 3536 nimium
627 3458 750 3533 ionismi
773 3474 917 3547 studium,
947 3473 1030 3532 ouius
1060 3473 1187 3548 vestigia
1214 3471 1266 3530 ad-

179 3577 282 3634 curate
306 3573 455 3648 congessit
475 3573 640 3636 Leroohius
662 3597 691 3654 p.
711 3582 769 3635 301
789 3596 844 3656 sq„
867 3575 1060 3652 oonspiounm
1082 3580 1141 3648 est,
1164 3594 1265 3655 quam·

251 3727 276 3785 1)
295 3723 333 3771 Cf.
350 3724 473 3772 Lanarum
489 3723 546 3771 hist.
564 3739 631 3785 poes.
649 3727 749 3772 Homer.
767 3729 863 3785 p.112.
884 3725 1051 3784 Sengebnsoh.
1069 3725 1129 3771 diss.
1148 3724 1219 3770 Hom.
1233 3725 1265 3771 11.

179 3823 203 3870 p.
219 3809 242 3854 4.
261 3809 301 3856 20.
337 3809 375 3856 De
393 3809 466 3858 rebus
484 3821 545 3869 quas
563 3809 594 3856 ad
611 3810 739 3856 Aeolicum
759 3823 830 3855 nsum
850 3814 961 3868 spectaro
979 3807 1132 3867 grammatici
1149 3807 1267 3866 suspicati

180 3897 238 3942 sunt
255 3909 280 3941 v.
296 3894 498 3942 Pseudo-Herod.
515 3894 560 3940 vit.
578 3893 678 3940 Homer.
697 3907 717 3940 o.
731 3893 762 3939 97
781 3893 807 3939 in
825 3893 956 3939 Westerm.
974 3893 1057 3950 Biogr.
1076 3890 1166 3938 Lauer.
1185 3904 1209 3949 p.
1224 3887 1265 3938 99.

180 3994 206 4026 ιι.
217 3979 258 4028 ta.
277 3977 380 4040 Sengeb.
394 3980 508 4028 inlobnii
520 3993 576 4027 ann.
586 3995 611 4027 v.
621 3981 661 4028 67.
674 3994 696 4040 p.
707 3981 765 4028 259.
782 3978 873 4038 Bergk.
886 3977 943 4024 hist.
955 3977 999 4023 litt.
1014 3975 1056 4022 ur.
1068 3976 1087 4021 1.
1102 3989 1126 4033 p.
1137 3976 1195 4022 449.
1206 3975 1266 4021 469.

179 4079 205 4112 ιι.
217 4065 259 4110 46.
294 4065 360 4124 Quid
377 4070 459 4111 eutem
482 4066 513 4112 do
530 4066 630 4114 Aeolioo
652 4079 699 4112 usu
720 4063 789 4111 voois
807 4060 881 4128 tito<
899 4076 961 4121 quoe
980 4057 1014 4110 Π.
1029 4061 1086 4108 866.
1104 4055 1138 4107 Χ.
1152 4060 1194 4107 68.
1207 4060 1264 4106 962.

179 4141 261 4199 πάντα
278 4145 311 4199 roi
334 4146 414 4212 μέλη,
440 4152 506 4210 epod
522 4152 657 4210 Aeolensss
681 4143 755 4214 μόνον
777 4142 807 4198 τὸ
832 4143 961 4211 πρόςωπον
985 4144 1025 4209 (cf.
1044 4143 1119 4204 Soph.
1137 4143 1194 4190 Ant.
1207 4143 1265 4200 629,

179 4233 266 4294 Eurip.
278 4235 352 4282 Horo.
365 4235 411 4281 tur.
427 4235 501 4294 1204,
521 4237 625 4284 Tbeoor.
639 4239 680 4294 29,
695 4233 737 4296 16)
749 4235 900 4294 significasse
913 4231 1000 4278 dicitnr
1018 4229 1058 4294 (of.
1071 4227 1160 4274 Labra.
1171 4242 1195 4288 p.
1209 4226 1266 4274 169.

178 4318 364 4366 Friedlaender.
376 4319 508 4367 ansteum
520 4335 544 4381 p.
554 4323 611 4368 271.
625 4323 683 4369 317.
702 4321 735 4367 Μ.
749 4317 865 4367 Schmidt.
877 4318 906 4364 ds
918 4317 1022 4376 Dionys.
1034 4313 1128 4360 Tbraoe
1139 4311 1164 4358 in
1177 4311 1266 4359 Philol.

180 4401 237 4448 vn.
256 4418 280 4463 p.
293 4403 351 4452 676.
374 4403 406 4450 nd
427 4417 514 4453 vocem
539 4401 704 4468 ῥεθομαλίδαι
721 4403 830 4451 Lobeo'k.
854 4403 886 4450 ad
903 4401 971 4451 Atoo.
989 4415 1014 4447 v.
1028 4399 1125 4458 stap-
1139 4393 1200 4461 329)
1218 4400 1267 4446 sta·

181 4487 300 4536 tuendum
318 4489 350 4536 sit
366 4488 457 4536 nescio.
