3424 5386
914 417 957 482 30

392 565 470 632 δεύει
492 572 615 652 antiquo
637 577 770 651 tempore
797 573 890 632 fuisse
910 572 988 631 vidit
1011 571 1060 650 (de
1082 573 1164 635 verb.
1187 593 1215 650 p.
1232 572 1322 650 381),
1363 573 1561 632 redeunt

393 668 531 751 ἐδεύησεν
551 675 673 752 ι(483.)
692 679 761 758 540.
785 671 901 751 (ἔδησεν
922 689 948 733 σ.
968 675 1049 752 100),
1074 667 1210 754 δευήσεαι
1226 675 1249 747 ζ.
1269 680 1343 735 192.
1373 673 1409 745 ξ.
1437 681 1548 749 510,

393 769 574 852 δευήσεσθαι
590 777 628 836 Ν.
646 779 716 836 786.
740 776 787 855 (ψ.
808 776 889 854 128),
912 776 1072 854 dequibus
1093 777 1173 837 infra
1195 776 1233 856 (S.
1252 779 1298 837 17.
1317 778 1355 856 7)
1387 779 1539 850 dicam,

392 880 462 960 quia
483 880 572 941 etiam
594 902 613 938 υ
635 899 689 956 pro
711 880 739 936 F
757 879 973 952 demonstrant,
1004 880 1056 938 sed
1077 899 1138 938 non
1159 859 1217 956 pro
1234 880 1362 957 duplice
1391 881 1445 950 F,
1490 885 1539 938 ut

392 983 568 1060 opinabatur
589 983 787 1040 Buttmannne
809 1000 851 1056 gr.
873 980 921 1040 Gr.
939 982 981 1039 Il.
1004 1001 1033 1056 p.
1052 985 1120 1041 152.
1137 1002 1166 1041 n.
1210 982 1355 1057 Vulgaris
1393 987 1527 1042 autem

392 1089 422 1146 et
436 1085 555 1145 Atticae
577 1083 695 1142 dialecti
711 1103 781 1142 usus
804 1084 840 1141 ab
859 1084 915 1142 hac
929 1083 1055 1142 verbum
1077 1078 1134 1142 δέω
1150 1090 1181 1143 et
1195 1079 1299 1159 δέομαι
1314 1085 1526 1162 conforrna-

391 1192 477 1247 verat
497 1205 551 1263 pro
580 1180 674 1261 eulpa
696 1190 727 1244 et
748 1181 902 1261 thprou
933 1186 1006 1244 adeo
1034 1185 1205 1245 etiamnunc
1226 1185 1350 1246 Atticae
1375 1186 1522 1244 formae

392 1293 512 1348 exeunt
533 1285 613 1360 θείω,
636 1289 718 1347 cuius
736 1288 925 1366 participium
948 1284 1010 1346 δεῖν
1032 1307 1077 1365 ap.
1094 1288 1216 1366 Lysiam
1237 1309 1300 1346 και.
1314 1281 1515 1364 Ἀλκιβιάδ.

325 1405 327 1410 ·
393 1388 419 1469 5.
436 1391 468 1463 7,
497 1391 577 1452 Xen.
600 1390 680 1450 Hell.
697 1391 770 1463 Vll,
794 1397 822 1450 4.
843 1397 891 1448 39.
920 1381 1063 1467 (Ἀττικὸν
1088 1385 1140 1448 καί
1165 1381 1198 1448 τό
1229 1391 1311 1448 πλεῖν
1338 1383 1418 1448 ἀντὶ
1444 1392 1515 1448 τοῦ

391 1489 490 1564 πλέον,
513 1491 575 1551 δεῖν
593 1487 659 1552 ἄντί
675 1494 728 1552 τοῦ
745 1489 823 1566 δίον,
847 1492 968 1566 Gregor.
987 1491 1118 1552 Corinth.
1142 1493 1177 1550 da
1193 1493 1260 1552 dial.
1276 1493 1373 1552 Attio.
1398 1491 1427 1570 ξ.
1446 1493 1507 1566 72,

391 1617 421 1672 p.
440 1595 513 1672 140)
535 1615 553 1654 a
574 1597 755 1656 Buttmanno
778 1615 820 1670 gr.
838 1595 862 1652 Ι.
886 1593 911 1672 ξ.
931 1597 999 1652 105.
1022 1615 1052 1656 ιι.
1068 1599 1117 1653 22.
1140 1613 1170 1670 p.
1184 1599 1245 1652 492
1269 1598 1300 1653 et
1317 1593 1502 1670 Goettling.

391 1699 427 1756 de
452 1717 512 1756 acc.
533 1718 562 1775 p.
579 1703 620 1756 46
647 1697 786 1756 inmerito
813 1701 1027 1773 suspectam,
1059 1696 1208 1756 Udenerue
1235 1697 1267 1755 in
1295 1697 1387 1756 Iahn.
1405 1681 1498 1756 'anm

392 1799 451 1860 vol.
465 1803 514 1859 91.
533 1818 561 1875 p.
575 1803 635 1858 245
654 1800 691 1876 (a.
713 1799 806 1876 1865)
825 1818 843 1857 a
861 1798 961 1858 Curtio
980 1817 1009 1875 p.
1023 1802 1083 1857 300
1100 1799 1235 1858 laudatus
1251 1802 1334 1858 recte
1348 1800 1494 1873 agnovit,

392 1907 423 1962 et
444 1900 571 1978 δείομοιι,
601 1901 650 1980 (of.
672 1899 784 1978 ὃείηιαι
805 1898 995 1979 apogeum.
1019 1895 1156 1975 δειομὲνη
1179 1919 1254 1978 quae
1275 1899 1429 1976 Sauppiue
1456 1901 1492 1959 in

392 2025 496 2065 comm.
513 2007 550 2064 de
569 2006 683 2064 duabus
701 2003 887 2081 inscription.
906 2002 1039 2062 Lesbiae.
1057 2001 1202 2079 (Gotting.
1224 2001 1316 2080 1870)
1339 2023 1369 2080 p.
1386 2007 1427 2060 25
1448 2021 1490 2060 ex

390 2107 479 2169 titulo
509 2108 545 2166 de
566 2107 759 2166 munimentis
782 2106 966 2166 Athenarum
994 2105 1064 2163 aO.
1088 2104 1123 2164 O.
1145 2102 1290 2163 Muellero
1320 2105 1402 2164 edito
1432 2105 1487 2163 ad·

392 2210 519 2286 scripsit,
542 2209 592 2268 aed
607 2209 682 2268 falso
698 2227 752 2285 pro
769 2200 894 2282 δεύομαι
904 2233 948 2258 ==
959 2201 1088 2281 iil'opur
1104 2205 1144 2264 ‘in
1156 2205 1328 2281 plebeculae
1345 2225 1484 2266 sermone

391 2311 534 2370 mansione
548 2313 586 2369 ab
603 2311 736 2388 antiquis
752 2304 942 2386 temporibus’
965 2307 1103 2385 putavit).
1125 2341 1168 2352 -
1189 2309 1285 2383 Pergo
1302 2309 1482 2368 adverbum

390 2408 456 2489 χίω.
498 2413 703 2489 conparantur
726 2412 819 2486 igitur
842 2410 963 2470 Aeolica
986 2409 1155 2486 praesentia
1176 2402 1252 2485 χεύω
1274 2402 1358 2469 θεύιο
1380 2403 1477 2469 alarico

391 2505 492 2572 πνειίοο
514 2507 592 2572 νεύει
614 2513 699 2591 (Ahr.
714 2515 738 2572 I.
760 2534 789 2589 p.
807 2512 876 2589 37),
906 2529 981 2592 quae
1005 2512 1150 2586 digamma
1171 2511 1203 2569 in
1226 2533 1246 2568 υ
1267 2531 1390 2572 versum
1402 2531 1476 2589 prae

392 2636 424 2676 ee
445 2616 560 2690 ferunt,
584 2636 650 2676 oum
671 2615 783 2674 Ionicis
804 2613 870 2692 χείω
893 2613 1034 2692 (χείουσιν
1050 2613 1123 2672 Ηεε.
1140 2615 1183 2674 th.
1202 2620 1250 2674 83.
1273 2610 1365 2697 ἐγχείῃ
1387 2635 1407 2672 ι.
1424 2615 1473 2690 10)

391 2717 467 2779 oeta
484 2718 567 2802 (θείῃ
587 2719 620 2775 z.
637 2719 706 2778 σοι.
725 2715 819 2776 σείειν
836 2718 873 2776 Κ.
891 2717 961 2776 437.
986 2715 1026 2773 11.
1045 2720 1114 2774 rae.
1143 2717 1181 2774 Ψ.
1196 2721 1266 2775 aro.
1285 2738 1309 2794 t·
1325 2721 1390 2776 ιιι.
1403 2717 1469 2775 370.

393 2820 420 2882 δ.
437 2828 508 2897 202,
530 2823 582 2882 sed
600 2816 689 2904 θέῃσι
704 2822 740 2880 Σ.
755 2825 826 2880 601.
847 2816 929 2878 θέειν
949 2819 980 2878 Β.
997 2824 1063 2878 183.
1081 2821 1120 2879 Λ,
1138 2823 1208 2878 616.
1229 2813 1261 2881 Ξ.
1275 2823 1343 2878 354.
1362 2820 1389 2876 P.
1406 2823 1469 2878 119.

394 2931 465 2985 698.
487 2930 520 2983 θ.
540 2931 608 2985 123.
631 2923 655 2995 ξ.
674 2929 743 2982 501.
766 2945 792 3002 p.
813 2924 886 2998 308)
909 2921 998 2980 πίείω
1022 2920 1141 2998 (πλείειν
1160 2922 1184 2980 Ι.
1201 2927 1272 2980 413.
1295 2941 1320 2980 ο.
1335 2927 1379 2981 34.
1395 2920 1468 2978 πλείη

394 3047 477 3096 οντες
498 3047 528 3084 π.
546 3031 622 3098 368,
653 3028 705 3085 aed
726 3022 823 3084 πίέων
842 3025 882 3082 Η.
902 3027 953 3104 88)
980 3023 1070 3082 πνείοο
1093 3021 1200 3101 (πνείει
1220 3025 1249 3082 P.
1267 3025 1336 3082 447.
1357 3039 1381 3082 σ.
1402 3028 1464 3096 130,

393 3127 555 3186 πνείουσαν
580 3125 607 3186 ὃ.
628 3132 698 3186 446.
722 3123 906 3208 ἐπιπνείῃσιν
931 3125 957 3183 ὅ.
975 3125 1045 3183 357.
1069 3122 1259 3184 ἐπιπνείουσα
1278 3127 1315 3183 Ε.
1332 3131 1375 3184 69.
1396 3116 1463 3182 iao·

392 3227 503 3289 πνείων
515 3232 550 3286 Δ.
561 3233 631 3287 524.
645 3227 684 3285 Ν.
696 3233 766 3286 654.
785 3221 988 3286 ἀποπνείουσα
1002 3228 1037 3287 Ζ.
1051 3232 1126 3285 132..
1137 3217 1382 3288 ἄποπνείουσυιιί.
1394 3229 1461 3306 406)

392 3331 461 3392 νείω
484 3333 576 3411 (quod
597 3352 659 3391 non
681 3331 833 3407 legimus),
862 3348 937 3408 quae
961 3335 1030 3388 sunt
1049 3349 1104 3406 pro
1125 3321 1339 3390 recentioribus
1358 3335 1385 3390 et
1402 3330 1460 3389 vul·

394 3435 513 3511 guribus
543 3429 598 3510 χὲοο
621 3429 685 3492 θέοι
714 3428 792 3490 πλέω
822 3429 900 3489 πνέω
924 3428 994 3502 νέω,
1026 3432 1171 3491 Christiue
1194 3433 1333 3491 nimirum
1353 3453 1378 3508 p.
1397 3437 1456 3490 194.

394 3543 464 3597 211.
484 3538 622 3596 271-4
646 3557 712 3596 cum
734 3534 800 3594 aliis
823 3535 992 3612 (Graefenb.
1016 3536 1051 3592 de
1074 3535 1141 3593 dial.
1164 3535 1237 3611 epio.
1260 3556 1289 3611 p.
1306 3537 1352 3612 16)
1370 3532 1457 3592 Fine

392 3645 538 3700 mutatum
560 3659 624 3698 ease
646 3639 784 3710 credidit,
814 3642 917 3697 eontra
939 3657 1013 3716 quos
1036 3637 1146 3712 optime
1169 3638 1286 3697 Curtius
1309 3642 1344 3697 et.
1363 3657 1387 3712 p.
1403 3641 1453 3694 524

388 3745 496 3802 -527
514 3741 685 3818 disputavit,
707 3760 811 3800 sonum
827 3759 851 3798 ει
867 3761 883 3798 e
899 3739 1012 3816 priscae
1026 3739 1211 3798 litteraturae
1225 3739 1372 3798 tralatione
1382 3755 1452 3814 repe-

391 3852 458 3906 tens
481 3860 658 3924 quamquam
681 3843 874 3920 productione
901 3841 1084 3918 suppletoria
1104 3843 1183 3901 faeta
1203 3842 1314 3920 ubique
1333 3841 1450 3914 louioep

393 3949 580 4007 scribendum
602 3946 676 4019 fuit.
690 3947 726 4006 cf.
745 3947 826 4006 Stud.
843 3947 885 4004 11.
909 3965 937 4021 p.
959 3949 1017 4003 133
1041 3947 1121 4017 adu,
1144 3945 1301 4018 Bragman.
1323 3943 1391 4002 sud.
1405 3943 1449 4002 IV.

392 4070 421 4127 p.
436 4054 503 4110 139.
521 4055 588 4110 165.
612 4049 710 4113 Quare
723 4072 750 4111 ν.
764 4051 801 4123 d.,
818 4068 913 4125 nuper
924 4049 960 4106 ab
972 4045 1108 4106 Hartelio
1126 4065 1154 4120 p.
1166 4050 1227 4103 429
1244 4049 1362 4118 notatus,
1376 4044 1448 4104 etiam

392 4151 442 4211 hie
468 4152 533 4210 iure
555 4154 626 4211 duae
653 4152 755 4229 stirpis
782 4153 893 4211 formae
914 4149 1065 4218 distinxit3
1096 4165 1164 4206 nam
1188 4148 1224 4205 de
1246 4146 1341 4206 Verbo
1358 4167 1381 4224 p.
1396 4151 1447 4206 222,

376 4251 515 4326 Ιιίιοοίὶοε
542 4246 639 4312 alcior
669 4247 767 4313 πνεύω
795 4273 849 4329 pro
877 4248 979 4311 nltho
1007 4245 1111 4308 mvtl'm
1139 4268 1203 4310 osae
1232 4249 1341 4323 posuit,
1365 4248 1445 4322 lonico
