3126 5256
672 653 733 718 143

139 811 224 890 (lert.
243 810 350 870 Ausb.
368 830 397 887 p.
412 809 487 888 227)
505 815 536 870 et
550 809 744 870 Homericum
759 800 893 884 μιάνθην
909 807 946 864 Δ.
963 811 1032 877 149,
1051 809 1103 866 ubi
1121 807 1241 868 lectioni

138 911 280 986 55155355
304 912 498 975 Hermaunus
519 932 568 988 op.
583 913 636 974 VI.
657 917 683 972 1.
705 932 735 988 p.
752 907 844 990 282s8
868 913 899 968 et
918 909 1085 978 Ahrensius
1107 911 1143 968 de
1167 911 1243 968 cori.

138 1014 172 1073 in
194 1035 229 1090 μι
256 1033 293 1090 p.
315 1019 365 1074 36.
387 1013 429 1072 ΙΙ.
450 1035 481 1091 p.
498 1013 557 1072 317
581 1013 760 1091 patrocineti
782 1017 866 1085 sunt,
892 1012 930 1070 ab
951 1010 1123 1069 Homeridis
1144 1017 1244 1087 poete-

107 1110 110 1114 ’
138 1115 347 1195 rioribusque
376 1115 472 1193 poetis
502 1135 541 1176 ex
572 1115 780 1194 antiquissima
806 1114 910 1188 lingua
940 1119 971 1172 et
998 1111 1157 1172 Homerico
1186 1133 1244 1170 usu

138 1218 353 1278 retinebatur.

232 1320 295 1398 13)
320 1318 390 1376 Non
413 1317 536 1378 meliore
560 1319 625 1378 iure
647 1317 795 1376 Ameisius
815 1337 846 1394 p.
866 1321 904 1376 53
931 1317 1077 1404 Gregorio¹
1097 1318 1163 1376 Gor.
1192 1315 1244 1396 qui

138 1440 167 1496 p.
187 1426 269 1480 581.
300 1420 336 1478 in
356 1420 524 1480 Homericis
550 1419 717 1498 participiis
747 1411 900 1494 πεποιηοός
926 1412 1061 1493 veitvode
1081 1414 1202 1495 τετιηοίς
1224 1441 1242 1478 ιι

139 1521 300 1582 excidisse
331 1525 361 1581 et
380 1522 413 1580 iu
433 1521 522 1581 indic.
545 1513 670 1597 βεβάασι
691 1513 820 1595 μεμάασι
837 1526 893 1580 stc.
923 1520 1015 1599 (quod
1042 1519 1102 1578 iem
1125 1522 1243 1582 Giesius

138 1644 168 1700 p.
191 1629 261 1684 325
298 1622 481 1700 repudiavit)
512 1623 604 1702 idque
634 1622 758 1682 Aeolios
787 1641 870 1681 more
901 1621 1023 1680 tradidit
1053 1623 1242 1683 auscultavit.

139 1726 222 1785 Nam
249 1729 373 1785 constat
400 1725 511 1784 formes
540 1743 617 1804 quoe
643 1721 797 1783 etiamtum
824 1728 894 1782 ente
920 1723 1029 1782 suffire
1057 1724 1129 1782 olim
1154 1744 1172 1784 a
1199 1725 1244 1783 di·

141 1845 270 1900 gcmmo
294 1825 471 1903 incipientia
488 1827 584 1904 (Foe)
605 1826 707 1888 littera
724 1847 743 1884 κ
765 1831 867 1886 carent
887 1825 1071 1904 antiquiores
1094 1845 1158 1885 esse
1176 1825 1243 1886 vul·

141 1928 294 2002 guribus,
316 1929 368 1988 sed
388 1928 464 1990 latet
482 1929 628 2008 quomodo
650 1949 668 1988 ιι
690 1929 729 1989 sit
751 1928 976 2005 explicandum
998 1933 1099 1988 tamen
1120 1928 1244 1988 minime

141 2031 306 2092 Christius
327 2051 357 2108 p.
374 2035 434 2092 231
458 2031 623 2092 laudandus
645 2037 691 2092 est
707 2031 759 2111 qui
775 2033 802 2090 F
819 2031 852 2092 iu
868 2053 886 2089 κ
905 2051 993 2109 posse
1014 2032 1142 2092 transire
1159 2038 1245 2092 aucus

142 2133 265 2204 mavit3
290 2133 327 2192 ef.
345 2131 480 2194 (lurtium
503 2133 554 2212 qui
577 2133 755 2194 senteutiam
777 2134 814 2192 de
835 2138 925 2210 temp.
948 2139 979 2192 et
995 2135 1073 2192 med.
1095 2153 1125 2209 p.
1142 2139 1245 2191 199-

145 2239 223 2318 291.
240 2237 318 2297 295.
335 2239 396 2294 335
416 2234 605 2311 explanatam
620 2234 754 2295 litteram
770 2233 937 2310 euphonioa
956 2234 1073 2292 ratione
1090 2239 1126 2292 ut
1144 2235 1245 2292 hiatus

143 2337 323 2400 suuntur
343 2336 487 2398 insertam
506 2357 571 2398 esse
590 2336 657 2414 ipse
681 2336 835 2398 revocavit
857 2340 895 2396 et.
918 2353 947 2413 p.
965 2340 1014 2394 62.
1043 2335 1105 2396 Hrl.
1125 2356 1155 2413 p.
1174 2341 1243 2398 112.

245 2437 299 2516 14)
320 2438 400 2500 Male
429 2437 529 2516 lippus
554 2437 728 2499 scholiastes
759 2438 823 2498 cod.
851 2437 933 2514 Lips.
961 2438 1000 2496 ad
1027 2438 1143 2515 epicum
1173 2455 1243 2496 oon·

145 2539 326 2602 iunetivum
347 2538 423 2600 95155
445 2541 483 2598 Π.
502 2541 562 2600 437
585 2541 732 2619 adspersit
753 2544 871 2600 notam:
892 2534 981 2616 θήσω
1002 2537 1162 2610 Αἰολικοῑς.

248 2642 300 2719 15)
322 2641 416 2704 Verbi
445 2643 624 2704 substantivi
645 2644 768 2704 Aeolios
795 2643 924 2719 vestigia
951 2648 1032 2704 certe
1056 2649 1176 2722 praeter
1197 2639 1247 2717 ἔμ·
1313 2647 1330 2670 ”

146 2763 246 2819 μενοιι
275 2743 371 2821 quode
399 2743 464 2806 dixi
485 2742 513 2820 S.
529 2746 558 2805 7.
580 2747 663 2806 113
693 2749 774 2824 apud
794 2748 959 2808 Homerum
980 2768 1041 2807 non
1068 2750 1246 2820 obcurrunt;

146 2866 228 2906 nam
251 2842 430 2918 participum
445 2846 524 2918 qued
545 2848 625 2919 apud
639 2847 801 2904 Asoleuses
824 2867 940 2924 semper
954 2849 1086 2907 vocalem
1100 2849 1247 2908 initialem

145 2941 264 3018 stirpis
286 2936 460 3005 irretiret:
491 2937 550 2998 ἔων
569 2938 672 3008 torvos
695 2943 780 3016 (Ahr.
796 2946 821 3002 I.
843 2966 873 3020 p.
893 2947 966 3021 146)
993 2947 1073 3004 idem
1094 2955 1140 3005 est
1162 2948 1247 3006 etin

146 3044 234 3108 Iade
264 3039 342 3118 apud
369 3040 533 3100 Homerum
561 3041 806 3119 Herodotumque
835 3049 865 3101 et
894 3045 928 3103 in
955 3045 1068 3104 Doride
1098 3047 1185 3123 (Ahr.
1205 3049 1246 3106 H.

149 3171 183 3227 p.
201 3145 280 3224 323)
302 3161 400 3223 neque
420 3143 458 3202 de
478 3141 655 3222 imperativo
677 3142 825 3220 Sapphico
848 3139 916 3201 loco
939 3145 988 3220 (fr.
1010 3151 1035 3216 1,
1053 3152 1102 3205 28.
1130 3149 1205 3206 Ahr.
1222 3150 1247 3207 I.

152 3272 186 3328 p.
204 3253 276 3310 146.
298 3249 340 3306 11.
356 3268 385 3324 p.
402 3250 473 3306 321.
490 3245 563 3323 542)
586 3249 617 3303 et
630 3237 790 3306 Homerico
805 3238 865 3302 tac'
891 3267 917 3323 y.
931 3249 1001 3302 200.
1024 3266 1050 3322 ρ.
1067 3249 1126 3306 ere
1151 3269 1248 3330 nsque

154 3353 196 3412 de
212 3348 379 3428 imperfecti
394 3347 469 3423 sing.
486 3368 563 3426 pers.
577 3348 602 3410 I.
616 3347 824 3429 antiquissima
838 3343 888 3407 ἔον
903 3367 979 3428 quae
994 3347 1154 3410 Heraclide
1169 3359 1246 3412 teste

63 3498 64 3532 p
156 3454 242 3530 apud
269 3443 412 3512 Alcaeum
441 3452 489 3531 (fr.
512 3451 583 3529 127)
613 3457 678 3512 erat
705 3458 795 3533 etque
822 3451 934 3527 legitur
962 3454 1001 3510 A.
1020 3451 1089 3512 762.
1127 3454 1164 3510 Ψ.
1186 3459 1247 3514 etc

62 3554 64 3603 l
157 3574 261 3634 neque
277 3556 313 3612 de
331 3554 438 3614 ceteris
450 3553 555 3614 formis
570 3541 654 3630 ἦσθα
674 3561 729 3616 etc.
748 3561 820 3615 nota
834 3555 1015 3634 perspicitur
1030 3575 1088 3635 qua
1106 3556 1144 3614 ad
1158 3553 1248 3634 liqui·

63 3695 64 3702 .
158 3657 234 3718 dum
254 3657 399 3734 perducas
419 3661 519 3716 utrum
541 3676 594 3716 eae
608 3659 756 3720 Aeolismi
774 3678 811 3718 eu
832 3657 990 3718 erclieismi
1011 3658 1121 3716 rectius
1135 3659 1248 3717 heben-

62 3749 63 3756 )
160 3761 218 3820 dae
240 3758 314 3828 sint;
344 3763 500 3835 prseterea
520 3764 624 3818 auctor
652 3759 710 3818 sim
736 3780 774 3818 ne
803 3761 871 3839 quis
897 3758 990 3819 futuri
1020 3755 1142 3833 ἔσσομαι
1168 3761 1248 3838 quod

160 3860 265 3937 inepte
286 3859 461 3919 Eustathius
480 3861 510 3934 p.
529 3863 600 3931 655,
621 3864 659 3918 13
682 3854 854 3931 Σικελικὸν,
885 3852 922 3918 οὔ
950 3852 1009 3935 μὴν
1031 3854 1174 3942 Alolsadv
1196 3882 1249 3922 vo·

61 3962 64 3999 '¹¹
159 3963 242 4024 cavit
263 3961 352 4022 tertia
373 3981 450 4038 pers.
473 3960 547 4033 sing.
572 3956 698 4020 ἐσσεῖται
716 3961 749 4018 Β.
769 3967 839 4020 393.
866 3963 905 4020 Ν.
922 3964 1000 4022 317.
1030 3983 1085 4039 pro
1108 3963 1246 4023 Dorismo

61 4113 63 4152 s
163 4063 324 4124 Homerico
352 4063 464 4124 iudicet
490 4062 532 4138 (v.
550 4065 765 4122 Renner.1.‘2.
788 4085 817 4141 p.
835 4065 887 4142 59)
909 4063 958 4125 vel
979 4065 1129 4126 Aeolismo
1152 4065 1247 4143 (Eust.

62 4181 64 4210 ἰ
166 4171 237 4238 129,
252 4171 301 4224 23.
318 4165 404 4243 (she.
416 4167 440 4224 1.
456 4187 486 4243 p.
501 4164 573 4242 132)
590 4167 719 4224 πεσεῖται
730 4159 872 4224 Αἰολικὸι
887 4165 972 4239 dixit,
990 4167 1081 4228 schel
1093 4166 1247 4243 Aristoph.

62 4246 63 4260 ἵ
163 4267 243 4327 Plut.
265 4287 296 4328 v.
311 4272 388 4327 493:
409 4260 442 4326 cd
465 4262 497 4326 δὲ
518 4264 671 4341 βαδιεῖται,
693 4264 744 4326 καὶ
766 4265 923 4342 φευξεῖται,
946 4261 982 4326 od
1001 4262 1095 4344 μόνον
1111 4261 1248 4342 Atellani,

165 4365 220 4427 εἴτε
235 4360 369 4447 Ampsaci,
393 4359 457 4427 ἀλλ’
478 4359 537 4444 ἤδη
552 4364 603 4426 καὶ
620 4361 750 4444 Ἀττικά,
774 4371 885 4430 Herod.
908 4391 938 4428 rc.
958 4362 1005 4428 'It
1029 4391 1078 4451 πρ.
1096 4373 1139 4431 11.
1161 4394 1191 4450 p.
1208 4377 1247 4432 34

165 4471 203 4532 ed
221 4471 254 4528 H
273 4475 344 4532 393.
366 4471 603 4549 adscripserunt:
626 4463 685 4549 ἤδη
707 4465 762 4552 γὰρ
784 4465 876 4550 πολλὴ
898 4475 999 4553 χρῆσις
1020 4475 1079 4534 τοῖο
1103 4468 1249 4534 τοιούτων
