3424 5386
936 453 977 516 10

415 608 544 686 copulati
563 609 725 670 Accienses
741 609 1001 686 nuncupabantur,
1032 627 1153 684 prorsus
1169 627 1277 670 novam
1294 607 1476 668 dialectum
1500 612 1540 666 et

416 731 434 770 a
450 711 593 790 cuiusque
616 713 712 788 patrio
729 729 865 772 sermone
887 710 1034 778 diversam
1054 711 1190 772 effectam
1206 729 1270 770 asae
1288 711 1398 770 eodem
1423 710 1535 770 modo

415 819 560 876 statuerat
588 820 708 891 praeter
733 812 908 874 Selinusium
930 811 1148 892 Sturuiumque.
1197 813 1278 886 Ergo
1303 811 1456 892 quemvis
1488 811 1534 872 de

414 917 537 978 Aeolica
559 917 710 994 genisii)
730 915 806 975 nihil
828 915 1059 988 adfirmaverim,
1087 915 1120 975 iu
1137 914 1279 976 dialectos
1295 915 1440 992 amplum
1463 933 1530 974 no-

412 1020 502 1078 minis
519 1018 635 1080 Aeolici
658 1019 801 1078 ambitum
822 1018 904 1078 nullo
924 1018 989 1078 iure
1004 1017 1144 1078 tralatum
1161 1037 1225 1078 esse
1241 1037 1335 1097 eaque
1354 1019 1395 1078 de
1421 1035 1527 1086 causa

412 1122 502 1200 plum
519 1121 777 1182 exterminandum
793 1120 955 1190 contendo;
976 1125 1067 1198 atque
1082 1140 1121 1180 ne
1136 1139 1202 1180 cum
1212 1119 1523 1200 Absensioquidem

412 1223 560 1301 fasioli),
583 1224 635 1286 sed
653 1224 808 1284 dumtaxat
822 1224 858 1283 de
875 1223 1050 1282 Lesbiorum
1069 1227 1099 1282 et
1113 1222 1293 1283 Asianorum
1306 1222 1521 1282 Asolensium

411 1326 571 1398 locutione,
592 1326 670 1388 siout
683 1326 782 1402 placet
791 1325 988 1397 Kirchhofflo,
1007 1324 1159 1386 Aeolicam
1173 1324 1332 1386 dialectum
1345 1317 1517 1398 intellego.

496 1431 580 1490 Pono
603 1429 697 1502 igitur
718 1430 797 1490 hanc
815 1448 869 1505 per
892 1426 1089 1506 longinquum
1111 1426 1285 1488 considendi
1301 1432 1427 1504 tempus
1447 1426 1517 1486 iam

413 1537 483 1592 ante
501 1531 729 1593 Homericomm
747 1529 911 1590 carminum
927 1533 1055 1590 aetatem
1070 1529 1141 1590 satis
1156 1529 1288 1604 vigesies
1305 1534 1336 1588 et
1352 1528 1514 1588 excultam

412 1633 513 1706 fuisse,
534 1639 569 1694 ut
584 1634 655 1692 iude
670 1652 772 1691 eorum
783 1632 887 1692 Ionica
900 1631 1026 1691 elocutio
1038 1632 1192 1692 Aeolicum
1208 1632 1355 1712 quendam
1369 1631 1511 1692 colorem

412 1737 555 1796 traheret.
598 1736 671 1794 Cum
694 1739 793 1793 tamen
819 1732 948 1806 cognitio
973 1737 1075 1795 nostra
1097 1735 1238 1814 antiquae
1259 1735 1381 1810 linguae
1405 1731 1509 1813 qualis

413 1838 505 1898 tuerit
521 1835 604 1896 nulla
619 1836 666 1908 sit,
691 1835 761 1915 quia
779 1855 876 1916 neque
892 1836 1056 1897 versiculus
1072 1857 1169 1916 neque
1184 1836 1305 1914 lapillus
1328 1836 1421 1896 ullius
1439 1834 1506 1894 dia·

412 1939 482 1999 lecti
500 1939 550 2019 qui
565 1938 627 2010 illa,
646 1958 708 1998 non
723 1937 798 2011 dico,
815 1939 1146 2018 aequiperetrctustote
1160 1940 1212 1998 sed
1226 1960 1288 1999 non
1298 1938 1389 1998 nimis
1405 1939 1503 2010 cedat,

413 2044 450 2106 ad
464 2048 597 2102 nostram
609 2040 780 2115 memoriam
791 2040 981 2100 tranmissus
997 2047 1050 2112 est,
1067 2044 1180 2102 formae
1193 2062 1268 2121 quae
1280 2041 1325 2100 ibi
1337 2061 1404 2101 cum
1415 2041 1502 2119 prin-

414 2145 518 2224 cipalis
543 2144 663 2204 dialecti
679 2143 791 2218 regulis
812 2148 947 2222 puguant
969 2143 1095 2223 ideoque
1119 2145 1169 2205 vel
1194 2145 1231 2204 ad
1248 2145 1345 2223 prisca
1362 2147 1500 2222 tempora

412 2248 590 2322 relegendas
605 2246 655 2306 vel
670 2245 803 2306 dialectis
820 2247 1020 2320 adsignandae
1036 2251 1118 2319 suut,
1139 2247 1304 2308 internosci
1323 2252 1354 2305 et
1368 2244 1497 2306 describi

411 2354 571 2430 nequeunt,
593 2349 653 2408 nisi
666 2349 746 2422 leges
755 2349 889 2410 Aeolidis
904 2367 993 2428 quam
1007 2349 1147 2408 traditam
1162 2347 1329 2426 accepimus
1344 2369 1384 2409 ex
1393 2349 1495 2408 Alcaei

411 2461 441 2513 st
466 2453 603 2530 Sapphus
626 2455 781 2529 poetarum
799 2451 976 2525 fragmentis
997 2451 1163 2512 minoribus
1185 2456 1215 2512 et
1237 2451 1333 2512 titulis
1356 2451 1406 2530 qui
1427 2457 1494 2530 post

410 2555 553 2616 Ahrensii
576 2553 687 2614 librum
711 2553 897 2632 aliquantum
925 2552 1004 2612 aucti
1028 2554 1155 2632 sunttt)
1183 2560 1213 2614 et
1237 2554 1490 2628 grammaticorum

412 2679 617 2702 mma-*¹*-

479 2777 523 2834 lo)
541 2773 639 2820 Videris
657 2772 820 2820 Schocrnaoni
837 2773 957 2822 rationem
975 2775 993 2821 l.
1005 2775 1021 2820 l.
1040 2789 1065 2834 p.
1078 2765 1119 2823 at.
1172 2803 1174 2808 ·

480 2861 524 2922 46)
543 2860 615 2920 Quod
632 2874 656 2906 v.
676 2859 699 2908 d.
718 2859 738 2907 Ι.
756 2873 779 2918 p.
792 2861 816 2908 4.
835 2875 861 2906 u.
875 2861 913 2906 ll.
939 2860 1086 2912 sermotiem
1109 2860 1249 2912 testimonio
1270 2860 1420 2921 grammatici
1433 2860 1485 2910 Lei-

412 2946 494 2996 deosis
512 2945 554 3006 qui
565 2945 717 2994 Herodotum
728 2945 747 2992 1.
766 2946 824 2996 142.
841 2941 965 3008 τέσσερας
981 2941 1090 3012 τρόπους
1099 2941 1273 3010 παραγωγέων
1284 2946 1381 2998 Ionicae
1396 2945 1486 2996 dialecti

412 3031 488 3080 fuisse
512 3031 669 3080 exhibentem
690 3035 787 3076 secutus
811 3031 854 3088 (cf.
871 3031 996 3078 Koeninm
1017 3031 1043 3076 in
1062 3029 1187 3078 Scbaeferi
1204 3032 1243 3078 cd.
1262 3031 1366 3093 Gregor.
1382 3030 1482 3080 Corinth.

410 3132 435 3176 p.
447 3117 509 3176 491)
526 3121 624 3174 praeter
641 3113 686 3160 has
703 3128 727 3174 p.
742 3117 790 3162 629
809 3115 925 3162 Aeolicus
943 3116 1040 3162 dialecti
1058 3120 1107 3162 tres
1126 3109 1302 3178 μεταπτώσεις
1319 3119 1385 3164 solus
1400 3132 1481 3164 memo·

411 3202 477 3248 ravit
494 3215 518 3261 p.
532 3203 590 3258 639,
609 3213 670 3259 quas
688 3198 785 3246 Giesius
802 3215 826 3259 p.
840 3201 873 3246 54
890 3204 1028 3260 temporum
1042 3213 1176 3260 progressu
1193 3205 1263 3247 natas
1280 3217 1334 3249 esse
1350 3202 1480 3257 autumavit,

412 3288 467 3348 ipse
478 3286 557 3346 tribus
568 3285 673 3333 diversis
690 3283 804 3344 gentibus
815 3284 960 3342 vindicavit,
976 3285 1057 3332 fnlciri
1069 3285 1155 3344 voluit,
1171 3287 1308 3334 verendum
1323 3292 1361 3335 est
1370 3301 1399 3335 ns
1408 3301 1479 3347 maus·

411 3372 517 3422 malicus
534 3371 655 3421 Herodoti
671 3369 750 3418 verba
766 3370 830 3418 salso
847 3370 1022 3430 interpretatus
1039 3371 1083 3430 sit,
1102 3385 1165 3432 quas
1182 3386 1238 3424 cum
1254 3385 1328 3424 unam
1346 3374 1479 3432 eandemque

411 3456 478 3504 Iadis
502 3457 606 3503 formam
628 3457 728 3504 illarum
744 3455 873 3515 regionum
897 3456 1040 3503 certissimis
1062 3457 1139 3504 titulis
1157 3458 1273 3504 traditam
1289 3457 1427 3516 habeamus,
1450 3459 1476 3506 de

410 3541 581 3590 humilioribus
598 3540 723 3602 popularis
740 3541 946 3601 pronuntiationis
960 3540 1142 3589 discriminibus
1158 3543 1182 3589 h.
1195 3558 1206 3590 s
1225 3537 1406 3606 ὖπσδιαιρέσεσι
1417 3558 1476 3593 τοπι-

411 3631 470 3685 καῖς
486 3627 631 3687 quibuscum
654 3626 753 3674 dialecti
768 3625 869 3674 Aeolios
884 3627 1026 3676 Thessalica
1042 3627 1159 3674 Boeotica
1179 3628 1279 3676 omnino
1296 3633 1412 3688 nequeunt
1426 3643 1474 3675 con·

410 3714 501 3774 parari,
518 3713 660 3772 accipienda
676 3713 792 3759 videntur
810 3727 870 3760 esse.
896 3714 938 3773 (ci.
957 3712 1121 3760 Graeienhau.
1139 3713 1220 3760 l.1.1.
1239 3727 1263 3774 p.
1277 3715 1346 3772 18³.)

479 3800 526 3858 47)
543 3798 598 3845 Ησσ
615 3798 707 3845 cedunt
722 3797 895 3858 inscriptiones
912 3796 944 3844 ab
962 3799 1000 3844 Al.
1014 3797 1105 3845 counio
1122 3799 1147 3847 in
1159 3799 1249 3846 itinere
1260 3798 1371 3846 Lesbiae.
1386 3813 1404 3846 a.
1417 3799 1471 3848 1885

323 3891 325 3895 '
409 3885 503 3941 editas,
527 3897 630 3944 quarum
647 3884 709 3931 duas
726 3882 848 3944 Sauppius
864 3884 890 3930 in
908 3883 1017 3942 Gotting.
1035 3898 1117 3944 progr.
1136 3898 1158 3931 a.
1177 3885 1257 3942 18⁷0,
1279 3897 1364 3932 omues
1378 3883 1472 3932 Waidius

408 3969 435 4016 io
453 3969 513 4016 diss.
530 3969 640 4018 Beroliu.
657 3983 680 4016 a.
700 3969 747 4016 187
752 3972 781 4016 1:
807 3969 988 4031 ‘Additamento
1011 3969 1042 4016 ad
1059 3971 1176 4018 dialectos
1191 3969 1319 4018 Aeolicam
1341 3973 1365 4016 et
1379 3969 1470 4017 Thessal.

410 4052 602 4113 cognoscendas’
619 4052 747 4112 tractavit,
771 4055 858 4102 titulus
874 4054 1038 4114 Erythraeus,
1060 4055 1090 4102 de
1109 4065 1157 4113 quo
1174 4055 1225 4113 egit
1240 4054 1370 4102 Kennerus
1384 4055 1405 4101 ir
1419 4055 1469 4105 sous

410 4139 518 4188 academ
530 4138 637 4188 vindob.
649 4139 738 4186 LXXI.
750 4153 774 4200 p.
789 4142 838 4188 33⁵
850 4153 896 4198 so,
914 4138 1012 4199 (tyriaci
1023 4139 1170 4188 Anconitani
1180 4137 1368 4198 inscriptionum
1377 4139 1466 4188 Lesbiae.
1502 4171 1504 4188 t

410 4225 507 4285 sylloge
518 4223 617 4283 inedita,
635 4237 709 4283 quam
725 4238 804 4285 nuper
815 4224 906 4284 publici
922 4225 982 4272 iuris
994 4223 1053 4272 fecit
1063 4222 1192 4272 Ksibclius
1203 4224 1229 4272 in
1241 4223 1344 4284 Ephous.
1355 4225 1465 4286 Epigraph.

409 4310 460 4357 voi.
475 4308 507 4356 11.
525 4309 583 4357 susc.
599 4312 620 4356 1.
639 4325 663 4370 p.
680 4313 739 4368 lsq.
758 4313 789 4370 (a.
810 4311 893 4371 tall).
