3126 5256
848 644 910 709 126

226 823 230 830 ’
335 803 472 882 explosit,
494 819 586 882 qnare
608 819 688 860 nuno
710 799 774 858 eius
794 799 997 875 planissimam
1020 798 1251 876 disputationem
1271 801 1353 859 totus
1374 817 1425 859 se-

335 925 418 988 quor.
449 905 507 964 Sed
521 909 680 984 antequam
694 899 855 962 Homerios
868 902 1007 979 exemplo
1020 919 1169 974 enumero,
1185 919 1280 978 penca
1293 903 1425 962 monebo

335 1009 371 1068 dc
385 1007 489 1068 iormie
503 998 659 1081 τιθήμεναι
681 1005 720 1061 Ψ.
734 1008 782 1061 88.
795 1004 865 1062 247.
885 998 1051 1079 τιθήμεναι·
1067 1003 1104 1060 Κ.
1117 1006 1167 1076 84,
1184 1022 1258 1082 ques
1274 1002 1424 1066 Gelbkins

332 1131 361 1187 p.
374 1113 412 1169 41
430 1111 461 1168 et
476 1107 614 1166 Allenins
630 1126 658 1182 p.
672 1109 743 1164 266.
758 1125 788 1165 n.
799 1106 839 1164 47
854 1107 913 1165 huo
926 1106 1005 1165 trahi
1022 1109 1127 1166 vetant
1146 1105 1204 1164 reti
1223 1123 1290 1164 oum
1304 1107 1377 1165 Ahr.
1394 1108 1423 1172 I.

331 1231 361 1290 p.
376 1216 434 1271 185
452 1227 502 1270 eas
517 1209 605 1268 metri
622 1207 717 1284 gretie
732 1208 890 1284 productas
904 1226 977 1280 esse,
1001 1203 1112 1266 δίδωθι
1123 1227 1149 1285 γ.
1163 1211 1234 1267 880.
1267 1207 1344 1266 Nem
1361 1209 1422 1269 hoc

332 1313 451 1394 quidem
475 1311 530 1373 vix
551 1309 686 1370 excusari
713 1313 813 1386 potest
839 1309 888 1387 (cf.
908 1308 1186 1369 Ηοτλο1.ΖοίδοοΙιτ.
1208 1309 1420 1370 omoeusion.

326 1415 439 1493 'Gymn
461 1413 550 1472 1871.
573 1408 736 1494 petiisti).
779 1409 900 1471 Scilicet
926 1411 1019 1471 verba
1046 1407 1148 1485 ἵστημι
1173 1408 1280 1487 τίθημι
1308 1409 1421 1488 δλδαμτ

329 1515 478 1578 interdum
498 1516 531 1574 in
545 1516 706 1575 flexionem
720 1515 879 1575 verborum
894 1531 1036 1589 purorum
1049 1513 1221 1572 transducta
1239 1531 1304 1574 sese
1317 1530 1419 1594 neque

328 1637 396 1678 raro
420 1618 453 1676 in
469 1617 541 1676 Inde
563 1619 694 1686 conetet3
716 1615 854 1691 exempla
875 1619 974 1674 antem
994 1613 1068 1673 haec
1084 1614 1264 1674 adscribam:
1284 1615 1421 1676 ιιαθλατᾶ

328 1721 432 1797 imper.
449 1719 473 1777 I.
489 1723 559 1778 202.
583 1735 672 1797 quem
687 1715 738 1776 elii
757 1735 796 1776 ex
813 1715 976 1776 ααθλσταντ
997 1721 1127 1794 apocope
1145 1715 1256 1776 iactum
1271 1722 1419 1793 putarunt

328 1821 379 1880 alii
398 1803 459 1880 οἶτιδ
478 1821 533 1879 τοῦ
548 1816 619 1878 [cnei
633 1811 688 1895 τήν
706 1817 801 1878 κλίσιν
815 1809 1095 1896 παραλαμβάνοντες
1109 1817 1149 1896 (v.
1166 1817 1286 1878 Velscm
1301 1818 1415 1897 Tryph.

328 1943 356 2000 p.
369 1923 423 2000 99)
443 1921 494 1982 vel
508 1921 670 1982 Accienses
690 1920 724 1978 in
739 1920 883 1979 auxilinm
897 1923 1054 1981 vocantes:
1076 1917 1108 1978 oi
1120 1916 1237 1990 Αἰολεῖς
1255 1921 1417 1997 μιμοῦνται

327 2017 364 2082 τοὶ
387 2020 428 2092 εἰς
451 2025 476 2080 οδ
496 2017 546 2080 καλ
568 2023 709 2081 ποιοῦσιν
730 2012 791 2082 α’ττδ
814 2023 869 2080 τοῦ
890 2017 961 2079 toto
981 2013 1015 2080 τδ
1037 2013 1253 2102 nevernensis
1273 2019 1341 2081 ἵστα
1361 2017 1416 2080 καλ

327 2122 394 2201 ictu
411 2125 452 2204 (v.
471 2125 506 2184 E.
522 2123 596 2183 Gud.
613 2129 683 2197 288,
700 2128 739 2182 40
757 2141 803 2201 ep.
820 2125 893 2183 Ahr.
909 2124 933 2183 1.
955 2143 984 2200 p.
999 2128 1068 2183 140.
1084 2144 1113 2182 n.
1129 2122 1179 2200 14)
1195 2124 1412 2201 explicuerunt,

326 2225 394 2310 ἱστᾷ
411 2245 457 2304 ep.
472 2225 583 2284 Herod.
597 2226 650 2284 IV.
669 2229 737 2285 loe.
755 2222 822 2283 λοτᾰ
836 2227 877 2285 ΙΙ.
896 2231 965 2285 106.
985 2226 1037 2286 IV.
1053 2231 1103 2285 61.
1120 2225 1245 2284 κατίστα
1257 2227 1308 2286 VI.
1324 2246 1347 2286 c
1360 2233 1411 2285 43.

325 2331 496 2408 (Rennerus
512 2330 536 2388 I.
555 2333 584 2387 2.
604 2347 634 2404 p.
649 2333 691 2386 46
713 2327 797 2387 onius
819 2327 1050 2404 disputationem
1078 2329 1114 2386 de
1134 2328 1191 2386 hac
1215 2345 1249 2386 re
1270 2326 1415 2404 inspicias

324 2433 415 2493 velim
436 2431 519 2490 nulla
538 2430 656 2492 invenit
677 2430 816 2505 exempla
831 2431 909 2506 apud
925 2430 1088 2488 Homerum
1108 2432 1140 2488 et
1155 2428 1312 2507 elegiacos)
1335 2423 1411 2488 ιἰιιο-

324 2526 536 2601 καθιστᾶοντος
564 2531 596 2590 in
622 2531 667 2591 tit.
691 2532 798 2607 Delph.
818 2532 889 2604 407,
910 2534 950 2588 20
979 2549 1025 2607 ap.
1053 2530 1198 2591 Wescher
1224 2537 1256 2591 et
1281 2532 1411 2592 liencurt

324 2635 365 2712 (v.
385 2635 465 2694 Ourt
485 2638 540 2692 act
559 2651 616 2692 soc.
634 2654 663 2709 p.
678 2632 753 2709 228)
775 2637 865 2710 atque
886 2635 1018 2707 apertam
1038 2633 1164 2692 formem
1185 2629 1352 2712 προθέονσι
1365 2659 1411 2687 .-.-.=

278 2775 305 2808 ,s
324 2738 493 2816 προτιθεῖσι
508 2733 546 2790 Α.
562 2738 633 2792 291.
656 2734 693 2791 de
715 2750 775 2812 quc
789 2732 910 2792 videndi
933 2737 1003 2792 sunt
1023 2734 1222 2796 Buttmannue
1242 2737 1276 2797 in
1296 2755 1339 2812 gr.
1358 2738 1409 2798 Gr.

324 2859 353 2900 γ,
369 2841 394 2898 Ι.
418 2836 443 2916 ς.
462 2840 530 2894 106.
553 2855 582 2894 n.
599 2839 627 2892 9.
651 2853 679 2911 p.
695 2839 766 2892 499.
800 2833 1000 2908 Gcettlingine
1022 2836 1058 2894 de
1079 2856 1138 2896 soc.
1161 2859 1189 2914 p.
1209 2837 1257 2896 78.
1289 2838 1407 2902 cneius

326 2943 363 3001 de
382 2942 476 3002 verbo
494 2957 523 3016 p.
539 2941 600 2996 213
614 2935 673 3014 ⁸⁸),
694 2940 729 2996 ut
749 2935 865 3015 relique
885 2935 1045 2996 Homerica
1065 2939 1202 3016 exempla
1221 2961 1301 3002 nuno
1323 2943 1409 3004 omit·

323 3049 398 3118 tem,
421 3039 559 3100 διδοῦναι
576 3037 616 3097 Ω.
630 3043 691 3098 425
714 3038 879 3116 proesentis
901 3032 993 3098 διδόω
1014 3039 1198 3102 infinitivum
1221 3061 1307 3122 quem
1329 3045 1410 3105 Here

323 3165 449 3206 mannus
477 3143 514 3202 de
541 3141 713 3218 pleonaemc
740 3147 771 3202 et
796 3141 895 3218 ellipsi
923 3141 956 3199 in
978 3161 1025 3219 cp.
1042 3142 1067 3201 Ι.
1090 3163 1119 3219 p.
1137 3149 1198 3202 242
1221 3146 1322 3205 coristi
1344 3165 1409 3207 esse

322 3247 419 3308 voluit
433 3246 577 3321 probante
593 3243 764 3303 Thisrsohio
780 3263 822 3318 gr.
842 3243 890 3302 Gn.
910 3242 935 3321 ἓ.
949 3249 1020 3303 230.
1035 3263 1063 3321 p.
1079 3245 1149 3305 378.
1168 3246 1294 3326 aliisque
1316 3247 1409 3327 (aliun

323 3346 427 3406 statuit
436 3345 614 3404 Kuehnerus
629 3363 658 3420 p.
672 3348 742 3402 651.
758 3365 786 3403 n.
799 3344 838 3420 1),
859 3347 899 3405 M.
915 3351 1013 3405 eutem
1027 3346 1207 3408 Schmidtius
1221 3349 1289 3408 Did.
1304 3371 1332 3428 p.
1346 3355 1408 3410 206

322 3453 404 3506 recte
425 3464 491 3504 cnm
514 3441 639 3501 διδοῖναι
665 3463 705 3502 ex
724 3443 877 3523 Hesychio
904 3446 1079 3523 deprompto
1104 3468 1159 3525 pro
1188 3448 1302 3528 διδέναι
1328 3454 1407 3533 quod

322 3546 413 3608 fluxit
434 3564 453 3603 a
474 3541 576 3617 δίδημι
598 3537 730 3618 &sepeio
752 3542 810 3604 δέοι
838 3545 965 3606 contulit
993 3547 1145 3625 (Aeolicus
1165 3551 1333 3614 infinitivus
1355 3555 1405 3634 qui

323 3656 369 3710 est
389 3648 468 3724 apud
489 3643 611 3704 Theou.
629 3651 679 3719 29,
697 3651 715 3702 9
739 3643 830 3705 δι’δων
857 3647 947 3706 eliam
968 3650 1005 3708 ed
1031 3651 1197 3727 analogiam
1223 3653 1405 3734 reliquorum

373 3785 435 3862 98)
452 3801 520 3848 Inter
537 3800 599 3847 elios
616 3799 639 3847 ei
663 3799 736 3846 fidem
754 3798 884 3859 abrogavit
900 3799 1029 3862 Rumptius
1052 3808 1146 3861 quaest.
1162 3804 1239 3854 Hom.
1256 3820 1281 3866 p.
1295 3808 1403 3858 20-21

322 3889 397 3948 paulo
415 3887 493 3934 meins
505 3886 647 3947 disputens3
666 3892 748 3932 tomen
765 3885 826 3932 mihi
837 3899 907 3932 suem
918 3885 1145 3947 interpretationem
1157 3894 1294 3938 contortum
1305 3893 1403 3940 minime

321 3972 444 4034 probavit.
478 3969 584 4018 Maxime
601 3975 682 4016 summ
703 3970 741 4016 illi
758 3970 913 4017 offenderunt
936 3973 1002 4030 qnod
1019 3973 1099 4020 forme
1122 3974 1315 4033 reduplicatione
1331 3980 1403 4026 οιτολ

321 4057 386 4106 Sane
404 4049 490 4106 οἶνλδει
506 4055 571 4113 qood
583 4053 683 4102 Curtius
695 4055 725 4101 de
742 4055 810 4103 verb.
829 4069 854 4116 p.
867 4057 916 4103 218
935 4071 980 4105 ec.
993 4058 1009 4104 i.
1022 4057 1050 4104 G.
1064 4058 1084 4104 1.
1105 4059 1170 4105 1198
1188 4058 1330 4108 dubitanter
1349 4075 1403 4109 con·
1442 4084 1450 4149 ὁ

321 4141 421 4202 pererit
435 4141 555 4188 incertum
568 4145 613 4198 est,
623 4140 689 4199 puis
700 4139 796 4188 litterae
813 4141 839 4188 in
854 4141 903 4189 fine
914 4142 1031 4190 videntur
1042 4143 1129 4192 deesse
1142 4142 1168 4189 in
1179 4143 1269 4204 lapide,
1286 4146 1331 4194 sed
1347 4161 1403 4194 oon·

321 4227 435 4276 fidentius
451 4225 561 4274 lonicum
577 4224 746 4284 imperfectum
765 4221 839 4288 lupae
855 4225 915 4274 Hes.
933 4227 1027 4288 Theog.
1044 4243 1069 4274 v.
1082 4228 1139 4276 866.
1157 4227 1194 4292 (v.
1211 4227 1346 4278 Hermann.
1364 4243 1403 4290 op.

321 4310 365 4358 VI.
386 4316 407 4360 1.
426 4326 450 4372 p.
464 4311 520 4359 189.
537 4309 647 4360 Lobeck.
665 4311 697 4356 sd
713 4310 805 4358 Buttm.
817 4311 849 4357 11.
868 4325 892 4372 p.
905 4313 970 4372 27ος
988 4313 1052 4360 mule
1065 4309 1229 4372 (tostuingius
1248 4307 1341 4372 ἔπρεσε
1357 4325 1401 4371 pro

322 4389 418 4458 ἔπρηοε
429 4395 557 4444 Aeolicum
569 4394 679 4454 vocavit3
698 4395 728 4441 cf.
741 4388 813 4455 ἔξεσε
830 4397 856 4444 in
868 4397 921 4445 cod.
934 4394 969 4446 M.
982 4399 997 4446 8
1009 4411 1054 4457 pro
1068 4393 1122 4456 δζοε
1133 4411 1158 4445 v.
1173 4396 1234 4455 817)
1243 4413 1278 4435 ι--
1288 4388 1400 4461 conspe

321 4476 501 4528 ιδνοοονοτὶαι.
