3126 5256
678 705 741 771 123

160 816 320 926 Bekkerus
342 867 373 922 ot
390 860 556 938 Bumodus,
578 860 631 938 qui
652 829 879 932 ‚ansnrohoao
898 855 1014 918 orites
1035 861 1120 918 tana
1141 860 1251 922 severi-

160 968 225 1026 tate
245 961 374 1026 nriores
389 963 581 1022 dialectorum
600 961 712 1020 formas
733 962 764 1020 at
781 961 919 1034 apostae
940 977 996 1018 usu
1016 957 1129 1020 alienas
1148 961 1251 1037 inpro-

161 1066 282 1128 usuns‘
297 1063 429 1141 (Rumpi
445 1083 473 1139 p.
487 1064 540 1140 39)
556 1061 702 1123 rationem
717 1059 810 1120 secuti
828 1064 906 1132 suut,
927 1060 1121 1120 oblitterasse.
1165 1062 1252 1127 Quod

162 1172 263 1228 autem
276 1167 304 1226 is
322 1165 408 1237 dixit,
430 1163 650 1224 Alexandrinos
671 1168 703 1224 et
722 1162 874 1224 inferioris
895 1161 1037 1238 temporis
1051 1164 1154 1237 poetas
1169 1181 1250 1238 mag-
1344 1151 1348 1158 ’

163 1287 232 1330 nam
254 1272 369 1346 mnam
385 1266 506 1346 quidem
526 1264 670 1328 eiusmodi
685 1265 795 1324 formas
815 1263 848 1324 in
871 1283 914 1323 ων
934 1265 1066 1336 finxisse,
1088 1263 1176 1324 nihili
1190 1269 1250 1335 ast;

164 1390 232 1432 nam
259 1363 423 1430 certissime
453 1367 486 1427 bi
513 1385 575 1428 uon
603 1365 718 1426 somnia
743 1364 802 1424 sibi
828 1365 982 1425 finxeram
1010 1366 1063 1431 sed
1090 1365 1251 1426 Homerica

165 1471 307 1548 exempla
325 1469 434 1530 imitati
456 1472 540 1538 sunt;
562 1473 716 1544 praeterea
735 1466 811 1526 male
833 1468 869 1526 do
884 1466 1008 1526 Aeolica
1021 1467 1170 1546 Odysseae
1189 1469 1250 1530 edi·

164 1573 247 1634 aona
267 1575 372 1649 utpote
386 1570 524 1632 Aeolicus
544 1570 655 1639 formes
669 1571 806 1630 servants
822 1567 973 1644 cogitaui,
996 1567 1034 1629 of.
1050 1575 1112 1630 not
1130 1577 1158 1631 8.
1174 1573 1249 1647 aaut

163 1675 247 1736 altor.

248 1776 355 1836 utum
383 1778 538 1852 emtores
565 1772 709 1832 eiusmodi
736 1772 864 1848 vestigia
889 1754 1075 1848 eiarragine
1100 1773 1249 1836 variarum

162 1877 323 1938 lactionum
346 1894 386 1934 ex
407 1874 626 1955 antiquioribus
647 1874 866 1951 exemplaribus
888 1893 964 1954 quae
980 1874 1249 1936 Alexandrinorum

164 1997 267 2040 manus
287 1977 320 2036 in
341 1977 509 2038 dialecticae
535 1976 645 2035 formas
667 1980 834 2051 grassantes
862 1979 994 2037 nondum
1019 1982 1144 2056 experta
1164 1981 1250 2038 erant

164 2080 262 2140 adlata
276 2084 437 2155 emergant,
462 2099 524 2140 non
541 2078 725 2154 negaverim
747 2079 861 2138 scilicet
874 2097 928 2155 pro
943 2080 1141 2140 Aristarcheis
1157 2081 1249 2158 scrip·

165 2180 240 2240 turis
260 2173 399 2252 κεκοφώς
425 2185 456 2240 et
477 2172 613 2248 uenoaoic
636 2180 675 2237 Ν.
695 2183 732 2237 59
763 2180 795 2238 in
817 2180 891 2238 chia
918 2185 949 2238 et
969 2180 1141 2240 Antimeohi
1163 2181 1248 2239 Golo-

165 2283 268 2358 phonii
283 2283 463 2342 editionibus
476 2273 613 2340 ueaoroiv
628 2281 769 2340 extiterat
783 2283 822 2356 (v.
834 2281 875 2338 M.
887 2279 1028 2340 Schmidt.
1051 2281 1118 2337 Did.
1134 2300 1163 2355 p.
1179 2280 1236 2338 147
1240 2325 1247 2340 .

165 2383 287 2443 Larocb.
306 2389 366 2442 296
395 2383 447 2462 qui
468 2382 679 2444 Antimachum
707 2381 797 2439 etiam
819 2395 846 2436 o.
865 2385 924 2439 335
952 2380 1025 2440 itam
1049 2379 1157 2456 legisse
1179 2401 1248 2441 con-

164 2483 271 2564 clusit).
315 2484 404 2548 Quod
424 2503 512 2560 porro
535 2483 684 2543 Amoiaius
705 2502 734 2559 p.
753 2486 790 2540 53
813 2480 846 2544 in
864 2481 992 2544 lectione
1014 2474 1172 2560 nsatayaiv
1192 2503 1247 2560 pro

164 2587 272 2650 uuna
293 2577 451 2664 πεπληγώς
469 2586 504 2643 Β.
519 2590 580 2646 264
602 2585 635 2646 in
657 2585 747 2648 schol
770 2585 806 2644 V.
834 2584 943 2646 tradita
963 2586 1042 2646 hunc
1065 2585 1248 2646 Aeolismum

163 2687 336 2750 delitescere
364 2688 493 2764 putavit,
525 2708 587 2748 non
616 2688 768 2750 consentio
800 2687 870 2767 quia
899 2689 1121 2763 grammaticum
1153 2689 1250 2765 <iuxta

162 2783 262 2864 iudeis
285 2790 319 2847 B.
335 2787 410 2862 acl)
437 2788 581 2849 aoristum
607 2789 792 2852 intellexisse
819 2791 905 2852 docet
927 2793 1075 2860 conlatum
1097 2786 1249 2871 πέπληγον

163 2893 194 2950 θ.
214 2893 286 2957 264,
316 2887 369 2962 qui
396 2887 567 2958 saepissime
592 2889 717 2959 legitu13
746 2883 902 2968 πεπληγώς
925 2891 963 2947 Χ.
978 2893 1050 2952 497.
1082 2894 1248 2968 πεπληγυῖα

162 2992 201 3054 Ε.
217 2986 287 3046 763.
309 3001 337 3042 a.
355 2987 426 3042 238.
443 2987 514 3042 319.
535 3002 566 3040 ro.
578 2987 649 3042 466.
673 2985 793 3061 quidem
815 2991 942 3056 coustat;
965 2995 1062 3050 cortus
1078 3009 1150 3050 sane
1171 2992 1247 3050 aori-

161 3095 227 3155 aitte
249 3089 294 3150 set
314 3074 442 3160 aaroyoiv
462 3082 501 3140 A.
522 3086 591 3144 591.
617 3082 652 3141 Ο.
668 3088 722 3155 26,
745 3101 833 3161 quam
855 3089 958 3144 contra
978 3088 1248 3150 Hemstarbuisium

162 3181 292 3269 necorde
319 3205 366 3262 ap.
388 3183 509 3246 Lucian
532 3185 671 3246 Charont
693 3203 718 3245 c.
735 3189 761 3243 1.
781 3183 815 3242 iu
836 3184 899 3244 cod.
923 3183 1017 3246 Vatic.
1040 3188 1182 3262 scriptum
1206 3191 1246 3269 (.

163 3289 392 3354 Sommerbrodt
415 3287 460 3350 ed.
477 3288 519 3348 11.
541 3307 570 3364 p.
584 3288 638 3364 94)
666 3287 798 3346 Homero
827 3285 1029 3348 intrudentem
1056 3292 1176 3352 saeuus
1198 3295 1248 3355 ds-

161 3394 261 3458 auoit
278 3394 476 3455 Buttmanuue
496 3389 530 3450 in
550 3389 632 3452 laxit
649 3390 674 3451 Ι.
696 3409 725 3467 p.
742 3394 811 3453 154.
833 3411 863 3450 n.
875 3395 903 3450 4.

252 3495 283 3572 7)
305 3495 390 3552 Inter
403 3491 488 3554 verbi
510 3485 635 3568 dedoa'oo
650 3494 729 3573 quod
745 3491 771 3572 S,
785 3499 812 3568 3,
830 3498 847 3552 5
868 3497 990 3569 propter
1004 3493 1151 3571 digamma
1168 3496 1249 3558 inter

165 3595 280 3656 vocales
308 3596 342 3656 in
362 3615 383 3654 ν
407 3595 571 3658 emollitum
593 3597 742 3658 Aeolismo
769 3595 861 3658 tribui
887 3596 997 3658 formas
1023 3596 1184 3658 nonnullae
1204 3598 1247 3656 ls-

163 3701 274 3770 guutur
295 3683 419 3777 quarum
439 3697 532 3758 flexio
556 3717 622 3758 cum
636 3698 759 3760 Aeolica
778 3699 894 3760 ratione
915 3717 977 3758 non
999 3697 1143 3760 concinit:
1165 3692 1246 3758 ttet-

164 3811 233 3871 ησεν
255 3819 275 3856 ι.
294 3797 391 3874 (483.)
411 3802 480 3858 540.
503 3794 640 3872 δευήσεαι
659 3799 680 3868 ζ.
699 3804 768 3859 192.
789 3797 813 3869 ξ.
829 3805 899 3860 510.
923 3792 1101 3875 δευήσεσθαι
1120 3802 1159 3862 Ν.
1175 3804 1246 3866 786.

163 3899 211 3974 (ψ.
231 3899 312 3976 128).
355 3899 433 3960 Nam
453 3898 615 3958 Aeolonses
637 3901 808 3966 constanter
833 3901 925 3976 stirpe
948 3899 1013 3960 deo-
1034 3902 1246 3980 berytonorum

164 4001 322 4060 vorborum
342 4000 404 4062 ritu
421 4018 572 4062 necessse
593 3998 700 4060 docent
721 4001 859 4078 exempla
880 3998 1053 4077 deveniente
1069 3997 1148 4064 dedas
1169 4005 1245 4067 coni.

165 4093 289 4176 dodorim
310 4103 413 4180 itaque
434 4106 568 4178 tempora
590 4100 743 4179 conposita
764 4103 913 4164 debebant
933 4101 1040 4164 ideone
1058 4110 1112 4166 ete.
1135 4107 1245 4181 audire,

162 4202 240 4268 siout
253 4203 421 4266 infinitivus
441 4203 534 4264 futuri
550 4194 705 4278 ’πιδεύσην
726 4223 772 4278 ap.
789 4203 818 4263 S.
834 4205 871 4266 ir.
888 4210 915 4278 9,
935 4211 972 4266 15
997 4207 1067 4268 olim
1082 4208 1245 4283 legebatur,

163 4304 246 4367 ouius
275 4303 383 4367 iustam
411 4306 557 4367 maenam
586 4304 752 4365 Ahreneius
780 4304 813 4364 in
843 4307 919 4368 Mus.
942 4309 1037 4370 Rhen.
1060 4313 1119 4370 vet.
1143 4328 1171 4367 v.
1193 4309 1246 4376 VL

164 4403 202 4478 (a.
218 4405 312 4482 1839)
328 4425 356 4482 p.
370 4411 430 4466 362
448 4407 619 4468 defenderat
633 4405 725 4484 (nuuc
739 4406 789 4467 vel
802 4397 938 4484 ’aedesius
951 4429 980 4470 v.
991 4409 1063 4468 Ahr.
1075 4409 1116 4469 11.
1132 4429 1160 4487 p.
1175 4415 1246 4480 649.

163 4506 199 4566 de
220 4507 299 4568 mist.
321 4507 389 4568 dial.
411 4527 441 4586 p.
456 4513 504 4569 64.
538 4507 661 4592 3911666,Ι
678 4507 714 4570 de
736 4509 849 4570 duabus
869 4509 958 4572 inscr.
971 4499 1066 4574 ‘Lesb
1089 4531 1118 4589 p.
1134 4516 1174 4573 25
1195 4515 1246 4582 uel
