3424 5386
882 459 924 523 64

359 619 481 677 vertens
501 615 616 688 „bene“
637 613 694 673 hoo
715 613 821 686 ‚.late“.
865 612 924 674 Sed
945 613 1064 692 egregie
1085 616 1185 694 lapsus
1207 619 1266 688 est3
1298 615 1456 692 digamma

360 717 441 780 enim
462 715 542 796 quod
562 714 594 774 in
616 705 703 794 εὖρίς
717 714 800 775 vocis
814 716 887 794 (slm.
903 735 1005 777 veru-s
1025 717 1104 778 Gurt.
1122 737 1150 796 p.
1164 717 1238 796 323)
1252 719 1350 777 fronte
1365 723 1454 778 certe

360 839 415 896 pro
437 815 531 895 Ftpog
551 816 681 876 haesisse
702 818 832 893 putavit,
864 819 920 879 etsi
942 820 1006 880 eius
1033 820 1066 878 in
1089 819 1267 879 carminibus
1293 823 1362 879 ante
1389 814 1454 895 ἐρι-

360 920 490 996 vigentis
518 939 574 979 nee
598 918 668 979 vola
693 937 749 978 uec
775 921 935 996 vestigium
964 921 1097 999 (minime
1119 914 1257 1001 Λιίρισᾶν
1279 914 1453 1000 ἐριβώλακα

362 1023 395 1081 Β.
413 1025 471 1080 841
503 1022 561 1081 huo
589 1026 688 1098 potest
716 1021 812 1096 trahi,
841 1024 877 1082 de
908 1042 967 1103 qua
997 1021 1190 1099 productione
1219 1045 1247 1085 v.
1277 1023 1453 1084 Hartelium

360 1145 389 1202 p.
406 1128 481 1195 454;
511 1123 563 1182 sed
584 1122 685 1184 forsan
706 1131 809 1184 auctor
831 1124 956 1201 catalogi
977 1123 1086 1183 Troum
1109 1142 1125 1182 e
1147 1127 1287 1200 genetivo
1309 1125 1453 1206 Λαρίσης

361 1219 542 1304 ἐριβώλακος
563 1225 594 1283 Ρ.
611 1231 669 1285 301
694 1228 769 1287 male
784 1225 1005 1301 transmutavit)
1029 1226 1185 1302 reperitur,
1208 1229 1370 1306 emythico
1392 1247 1450 1287 no-

360 1329 441 1387 mine
461 1318 620 1404 Ἠερίβοια,
643 1331 723 1409 quod
744 1349 798 1405 pro
817 1321 967 1403 Ἐερίβοια
988 1327 1008 1385 i.
1025 1345 1050 1386 e.
1071 1319 1242 1407 Ἠερίβοια
1263 1349 1328 1390 esse
1349 1329 1451 1392 voluit

361 1427 486 1491 ἐείκοσιν
507 1426 592 1489 ἔεδνα
613 1433 758 1504 adferens,
781 1429 809 1488 ei
825 1429 897 1488 satis
911 1429 1007 1488 visum
1031 1434 1076 1490 est
1098 1435 1241 1506 constare,
1266 1433 1345 1512 quod
1359 1451 1450 1508 argu·

360 1538 494 1593 mentum
510 1532 598 1591 nihili
619 1538 672 1592 est.
714 1533 822 1610 Itaque
837 1550 899 1590 nou
912 1531 999 1590 modo
1014 1551 1075 1592 uon
1093 1533 1240 1610 digamma
1254 1535 1345 1595 evicit
1367 1535 1450 1614 quod

361 1641 392 1696 et
411 1635 509 1698 voluit
530 1641 561 1694 et
582 1635 684 1695 debuit
705 1633 921 1705 demonstrare,
944 1634 996 1693 sed
1017 1634 1106 1694 etiam
1129 1637 1165 1694 de
1185 1637 1315 1696 mensibu
1334 1635 1449 1697 vocalis

360 1760 380 1796 α
396 1738 429 1797 in
446 1759 457 1795 ι
478 1735 597 1796 insolito
619 1754 658 1794 ne
675 1736 766 1796 verbo
787 1734 906 1813 quidem
928 1734 1007 1794 dixit
1022 1755 1119 1816 neque
1136 1738 1294 1798 discrimen
1314 1739 1448 1798 notionis

362 1842 440 1921 quod
468 1857 532 1899 esse
553 1837 671 1915 putavit
697 1836 818 1913 planum
841 1855 905 1896 esse
926 1837 1025 1914 potuit
1053 1839 1236 1908 confirmare.
1280 1841 1325 1900 Re
1347 1845 1446 1900 autem

360 1964 432 2006 vera
446 1944 558 2003 formae
573 1959 634 1999 nou
648 1957 667 1997 a
681 1957 712 1998 se
728 1938 937 2014 dispesccudae
954 1946 1037 2013 sunt3
1061 1953 1152 2021 quare
1166 1943 1340 2002 Buttmauni
1357 1943 1447 2019 origi·

360 2046 512 2106 nationem
533 2061 654 2119 prorsus
678 2039 777 2100 reicio.
821 2042 869 2100 En
896 2042 943 2103 fac
971 2048 1006 2104 ut
1028 2034 1097 2122 ἆρι-
1119 2045 1199 2123 quod
1227 2044 1350 2103 indubie
1379 2063 1446 2103 cum

360 2149 458 2208 radice
481 2136 531 2222 οίρ·
554 2144 587 2202 iu
610 2141 774 2202 Graecitate
795 2142 937 2204 latissime
958 2151 1080 2222 patente
1102 2145 1142 2223 (v.
1159 2147 1238 2206 Ourt.
1256 2167 1285 2224 p.
1299 2146 1373 2224 ³17)
1396 2167 1445 2206 oo·

359 2248 463 2309 haeret
478 2245 599 2307 Aeolica
617 2243 725 2304 abierit
740 2244 773 2303 in
793 2241 849 2322 ἐρι-
865 2251 955 2327 atque
971 2229 1141 2307 memineris
1155 2249 1221 2322 hoc,
1244 2268 1310 2308 cum
1330 2269 1446 2326 semper

360 2352 393 2410 in
413 2349 604 2410 sollemnibus
620 2343 758 2406 obcurrat
771 2347 915 2422 formulis,
937 2350 1079 2425 perfacile
1093 2369 1180 2426 posse
1202 2353 1239 2434 ab
1254 2351 1446 2410 Aeoleusium

359 2451 443 2530 poesi
465 2450 502 2508 ad
523 2449 657 2508 Ionicum
678 2469 764 2508 usum
787 2467 850 2508 esse
872 2452 957 2529 quasi
980 2450 1140 2527 delapsum,
1166 2452 1261 2512 omnis
1282 2454 1444 2529 scrupulus,

359 2554 456 2625 credo,
476 2556 632 2612 evanescet
646 2550 725 2609 unde
739 2551 937 2613 Buttmanuus
949 2552 1033 2612 illem
1048 2554 1246 2614 coniecturam
1260 2555 1347 2631 cepit,
1370 2573 1445 2634 quae

359 2655 513 2733 paululum
534 2653 636 2713 dumo
659 2659 698 2712 et.
720 2672 748 2729 p.
766 2654 805 2712 72
829 2655 988 2716 adridebat
1031 2656 1134 2715 Simile
1152 2656 1224 2736 quid
1243 2657 1333 2716 etiam
1353 2657 1444 2734 Berg-

359 2759 428 2819 kius
449 2759 481 2816 iu
503 2757 572 2816 hist.
594 2755 652 2815 litt.
674 2773 702 2832 p.
721 2761 790 2814 854.
812 2777 841 2816 n.
859 2762 918 2817 144
941 2758 1065 2833 viderat,
1087 2758 1139 2838 qui
1161 2755 1219 2836 ἐρι-
1241 2779 1302 2818 uon
1323 2766 1444 2836 propter

359 2859 492 2940 τέσσερες
514 2856 602 2939 ἐρσην
624 2859 661 2917 ad
682 2860 783 2919 ladem
804 2861 855 2920 sed
876 2861 976 2937 potius
998 2863 1034 2920 ad
1056 2859 1293 2940 antiquissimam
1313 2861 1443 2937 linguam

361 2963 501 3023 Graecam
524 2963 673 3038 pertinere
695 2963 901 3038 pronuntiavit
923 2963 1098 3024 Arcadicum
1119 2981 1228 3021 nomeu
1244 2955 1354 3041 Ἐρίων
1375 2983 1442 3023 eou-

360 3083 483 3142 paraus,
512 3064 672 3140 pristinum
693 3070 792 3125 autem
813 3057 878 3142 ἆρι-
906 3067 1078 3143 ubicunque
1104 3064 1249 3123 formulae
1276 3071 1356 3125 certa
1382 3086 1442 3125 me·

358 3167 454 3226 moria
475 3166 604 3225 sancitae
627 3167 797 3239 defuissent,
819 3167 941 3228 maioris
957 3165 1110 3242 diguitatis
1129 3167 1254 3247 souique
1269 3168 1441 3243 granditatis

359 3287 446 3328 causa
468 3287 486 3327 a
506 3268 603 3344 poetis
629 3287 694 3328 esse
714 3269 877 3344 praelatum
900 3269 1023 3328 censuit.
1067 3269 1124 3327 Sed
1145 3273 1213 3329 utut
1239 3270 1276 3328 de
1302 3270 1358 3329 hac
1380 3270 1441 3346 opi-

357 3370 447 3430 nione
463 3370 584 3445 cogitas,
598 3371 655 3430 hoo
669 3377 769 3430 tamen
784 3371 848 3431 veri
864 3371 1045 3430 simillimum
1060 3371 1180 3430 videtur
1196 3367 1252 3449 ἐρι-
1268 3391 1332 3431 esse
1342 3372 1440 3432 Aeoli-

357 3494 425 3534 cum
447 3465 511 3551 ιἰρι-
531 3473 667 3532 Iouioum
688 3473 861 3549 praefixum,
885 3492 1063 3552 quamquam
1081 3473 1204 3533 Aeolica
1219 3474 1361 3533 dialectus
1382 3475 1440 3532 for-

357 3596 436 3636 mam
450 3595 512 3635 uon
533 3575 710 3652 subpeditat.
732 3606 775 3618 —
802 3574 958 3651 Leguutur
978 3580 1077 3635 autem
1098 3576 1187 3635 haec:
1214 3576 1244 3654 a)
1265 3583 1334 3653 post
1347 3577 1439 3653 heph-

357 3677 563 3739 themimerin:
586 3669 757 3754 ἐριαύχενας
771 3673 886 3748 ἵππους
901 3679 938 3736 K.
952 3682 1022 3737 305.
1039 3679 1069 3735 P.
1082 3683 1153 3738 496.
1171 3679 1210 3736 Σ.
1221 3683 1292 3736 280.
1317 3679 1355 3738 Ψ.
1374 3679 1437 3737 171.
1482 3757 1483 3764 ρ

359 3775 523 3860 ἐριαύχενες
551 3775 639 3838 irrisos
661 3781 700 3836 A.
722 3783 789 3838 159.
811 3813 855 3824 -
898 3776 1010 3861 ἐρίηρες
1039 3775 1149 3858 ἑταῖροι
1172 3781 1203 3838 Γ.
1222 3780 1291 3839 378.
1317 3778 1350 3838 Θ.
1369 3785 1436 3842 332.

360 3884 399 3942 N.
416 3887 487 3943 ιιι.
516 3884 553 3940 Ψ.
572 3887 599 3939 e.
623 3903 642 3940 ι.
663 3883 731 3940 172.
749 3886 819 3941 555.
841 3903 868 3941 κ.
887 3884 958 3942 471.
975 3905 1004 3959 μ.
1021 3882 1174 3942 195397.
1193 3880 1216 3953 ξ.
1229 3887 1300 3940 249.
1322 3867 1437 3961 ἐρίηρας
1489 3958 1492 3962 ,

358 3981 493 4065 ἕτοιίρονς
514 4006 533 4044 ι.
552 3989 620 4044 100.
643 3988 711 4044 193.
732 4004 759 4042 κ.
778 3985 848 4044 387.
868 3991 938 4046 405.
959 3991 1029 4046 408.
1056 3983 1079 4056 ξ.
1097 3989 1167 4044 259.
1190 4006 1217 4062 ρ.
1236 3989 1306 4044 428.
1328 4005 1352 4041 τ.
1369 3985 1435 4045 273.

358 4081 507 4168 (ἑτάρους)
530 4083 650 4166 ἐρίηρας
664 4078 783 4164 ἐγείρας
800 4089 832 4146 Γ.
848 4089 898 4148 47.
914 4085 1030 4167 ἐρίηρος
1048 4083 1162 4166 ἑταῖρος
1177 4089 1214 4145 Δ.
1228 4091 1298 4144 266.
1322 4082 1436 4162 ἐρίηρον

357 4182 464 4250 ἆοιόὀν
478 4213 506 4248 α.
520 4196 590 4248 346.
605 4192 639 4246 θ.
653 4194 702 4249 62.
713 4191 772 4249 471
788 4190 846 4266 ¹⁹).
859 4225 902 4236 -
919 4191 1023 4266 Φθίην
1036 4186 1177 4267 ἐρίβωλον
1194 4185 1314 4262 ἱκοίμην
1330 4187 1354 4242 Ι.
1368 4191 1433 4250 363.

427 4322 468 4388 19)
486 4325 542 4373 Vox
560 4326 591 4374 ad
608 4327 711 4374 eandem
728 4326 836 4376 radicem
848 4319 890 4391 cip-
907 4327 1015 4389 pertinet
1030 4323 1109 4385 (Cart.
1121 4337 1145 4383 p.
1159 4323 1228 4384 311),
1246 4321 1314 4371 cuius
1326 4321 1434 4371 formatio
