3424 5386
873 386 915 451 60

350 542 453 620 stirpis
475 543 568 602 altera
582 543 678 602 forma
692 542 891 602 additamento
906 541 1034 623 quodam
1055 540 1461 619 (‚,Wurzsldatorminativ“

351 664 379 704 v.
397 644 477 704 (turt.
499 647 536 704 et.
551 663 580 722 p.
594 649 728 718 60-66,
750 664 854 706 comm.
870 664 946 726 quas
960 644 1148 705 inscribitur:
1169 664 1224 704 zur
1237 643 1457 719 Ohrouologie

352 745 405 806 dar
417 746 580 822 indogorm.
595 746 877 824 Sprachforschung,
899 747 932 807 in
947 751 1001 807 act
1018 766 1075 806 soc.
1090 746 1180 807 litter.
1196 746 1304 806 Saron.
1323 745 1386 806 vol.
1407 745 1454 804 V.

352 846 461 928 (1867)
481 868 511 925 p.
527 850 708 926 206-211)
724 849 902 926 amplificata
915 851 1055 926 adpareat
1069 848 1102 908 in
1115 849 1216 909 verbis
1229 847 1323 925 patrib
1341 846 1455 925 (herr-
1502 923 1507 930 Ι

351 949 433 1028 solta)
455 951 553 1026 pat-ni
576 949 713 1028 (Horrin)
741 956 831 1032 atqua
852 955 972 1029 potens
994 951 1152 1030 compo(t)s
1172 949 1276 1028 potiri,
1307 949 1383 1009 adco
1409 947 1452 1006 in

350 1051 416 1128 ipsa
438 1051 604 1113 Graecitats
625 1054 658 1112 in
680 1046 839 1130 δεσπόα-ης
860 1044 961 1121 πόα-ις
982 1053 1140 1129 conspicua
1166 1053 1205 1113 sit
1232 1051 1272 1129 (v.
1294 1052 1376 1112 curt.
1402 1055 1450 1110 et.

350 1174 380 1231 p.
392 1152 477 1230 265),
499 1173 560 1213 222
576 1155 743 1234 quicquam,
767 1157 862 1231 orado,
885 1157 983 1216 obstat
1005 1155 1162 1232 quominus
1175 1153 1294 1214 Aeolidi
1314 1154 1449 1231 stirpem

350 1253 536 1314 παπ-121222
557 1256 696 1318 usitatam
718 1259 919 1330 concedamus,
942 1275 1018 1336 quas
1039 1275 1110 1316 2222
1129 1257 1311 1333 segreganda
1333 1259 1381 1315 est
1403 1257 1446 1315 ab

351 1357 445 1418 altera
468 1357 578 1418 Graeca
598 1357 697 1420 radios
718 1379 794 1417 aar·
816 1359 901 1421 vorbi
930 1357 1075 1433 πατέομαι
1100 1360 1151 1421 rel
1172 1374 1250 1417 πασ-
1272 1358 1446 1436 praesentis

351 1452 519 1520 πάσσεσθαι
533 1459 698 1539 (Hesperi,
720 1481 749 1523 v.
766 1461 905 1520 Leskien.
920 1460 952 1518 in
968 1460 1047 1520 Onrt.
1063 1460 1145 1522 Stud.
1161 1462 1203 1521 II.
1218 1481 1247 1539 p.
1264 1464 1333 1521 121.
1355 1459 1444 1518 Cart.

352 1561 389 1620 do
410 1564 491 1622 verb.
514 1583 543 1640 p.
560 1567 636 1636 3153
665 1555 833 1640 (πάσασθαι
846 1588 889 1618 =
901 1554 1070 1637 κτήσασθαι
1089 1564 1122 1622 in
1142 1563 1227 1623 libris
1248 1561 1400 1622 interdum
1424 1574 1445 1618 σ

352 1664 463 1740 duplici
478 1665 621 1741 scriptum
636 1672 689 1739 est,
710 1664 826 1737 vitiose,
848 1669 883 1722 ut
897 1663 975 1723 dixit
987 1665 1123 1726 Dindorf.
1137 1666 1171 1724 in
1186 1665 1325 1724 Thosour.
1339 1683 1368 1725 v.
1386 1664 1443 1724 VL

351 1785 380 1842 p.
394 1765 477 1844 642).
521 1767 627 1848 Itaque
650 1788 710 1826 aa:
722 1787 781 1824 πατ
804 1765 938 1825 conferas
959 1785 1026 1825 oum
1047 1769 1191 1843 djuzdjut
1212 1765 1324 1844 dl:dtp
1344 1765 1441 1844 (Curi.

351 1888 380 1944 p.
394 1874 463 1927 222.
483 1869 535 1948 63)
551 1859 592 1927 dn·
600 1894 609 1928 :
621 1863 678 1928 ἆϋτ
692 1888 751 1926 aaa
761 1887 851 1927 :anm
864 1887 925 1925 rra:
936 1871 1004 1925 παθ
1018 1869 1059 1946 (v.
1072 1871 1152 1928 Curi.
1168 1870 1205 1928 dc
1217 1870 1311 1930 verbo
1324 1887 1353 1944 p.
1366 1869 1406 1927 27
1411 1873 1440 1926 3.

354 1976 425 2031 282.
448 1977 479 2033 et
495 1991 524 2050 p.
543 1972 605 2050 64),
628 1990 719 2053 quare
736 1960 866 2045 πάμμων
882 1989 898 2029 2
913 1964 1051 2046 πάν-μων
1071 1971 1211 2031 facillimo
1233 1970 1315 2030 nasci
1329 1971 1438 2047 poluit7

352 2073 403 2151 (cf.
423 2067 580 2153 κᾶμμορος
600 2093 654 2151 pro
678 2064 841 2148 κάτμορος,
863 2093 892 2133 v.
910 2073 1040 2134 Lobeolr.
1059 2075 1141 2151 path.
1159 2075 1183 2132 I.
1206 2093 1235 2150 p.
1252 2072 1335 2150 362).
1377 2073 1438 2132 No·

352 2197 410 2258 que
433 2178 513 2257 quod
535 2176 629 2236 solum
651 2195 717 2233 cum
739 2173 920 2251 spirantibus
941 2175 1073 2256 liquidae
1090 2177 1299 2236 concurrentes
1320 2174 1438 2234 adsimi-

351 2280 493 2340 lationam
508 2295 611 2355 passas
627 2280 704 2349 sunt,
719 2276 750 2336 id
764 2275 846 2335 illam
859 2277 1072 2339 derivationem
1088 2296 1198 2338 cassam
1212 2278 1318 2337 reddit.
1348 2276 1436 2335 Haud

351 2381 444 2458 igitur
464 2399 531 2440 raro
551 2400 566 2436 τ
588 2378 677 2437 finale
698 2378 731 2436 in
753 2394 770 2435 σ
791 2383 937 2438 mutatum
958 2384 1017 2453 est,
1047 2379 1084 2439 ci.
1105 2372 1262 2453 δεσπότ-ης
1283 2384 1314 2439 et
1335 2373 1436 2448 rodo-tr

352 2483 425 2558 alia,
454 2483 490 2541 dc
512 2500 571 2561 qua
591 2500 624 2538 na
647 2480 766 2541 Curtius
787 2480 820 2538 in
839 2479 1022 2541 2222211.
1045 2501 1075 2558 p.
1090 2482 1148 2540 171
1172 2482 1349 2558 disputavit:
1376 2483 1435 2563 ‘der

353 2583 521 2646 Austausch
543 2582 742 2644 2212211221-
765 2583 826 2642 und
841 2583 1039 2643 S-stammen
1056 2583 1130 2658 liagt
1149 2585 1181 2660 ja
1201 2585 1277 2643 auch
1297 2584 1347 2644 bei
1361 2584 1433 2643 eini-

353 2707 412 2762 322
433 2685 588 2747 neutralem
603 2683 753 2743 Stdmmen
767 2703 838 2746 vor:
859 2704 945 2764 τερατ
958 2687 1020 2745 und
1034 2703 1129 2765 τερας,
1151 2703 1240 2764 aspar
1253 2687 1314 2746 und
1328 2682 1431 2763 aspar,

353 2790 472 2866 egregia
494 2787 657 2864 explanans
678 2785 830 2862 vulgarem
856 2787 1081 2865 productionem
1103 2789 1315 2865 suppletorium
1341 2789 1431 2849 solum

353 2893 491 2954 consonis
507 2887 662 2961 continuis,
684 2909 745 2947 ncn
760 2889 923 2967 explosivis
944 2891 1046 2951 eiectis
1060 2891 1169 2950 factum
1183 2910 1247 2951 esse
1266 2891 1306 2970 (v.
1322 2893 1430 2952 Erliiut.

353 3015 383 3072 p.
395 2993 457 3069 35).
500 2991 557 3050 Sed
572 2991 695 3050 Aeolica
716 2993 858 3053 dialectus
879 2993 935 3068 atsi
957 2989 1102 3053 boante
1125 3013 1153 3066 μ,
1175 2996 1210 3051 ut
1222 2993 1359 3068 vidimus,
1380 2993 1430 3053 mi·

353 3096 433 3155 nime
448 3094 646 3166 aversabatur,
667 3100 767 3154 tamen
788 3115 854 3154 cum
873 3095 945 3153 Iade
967 3098 998 3154 et
1012 3095 1168 3154 Atthides
1187 3114 1241 3170 pro
1263 3095 1384 3174 antiquo
1402 3101 1430 3156 ct

353 3196 462 3258 Dorico
485 3215 501 3252 τ
524 3214 679 3254 commune
699 3197 806 3256 habuit
826 3196 911 3273 (Ahr.
927 3197 952 3256 I.
974 3216 1003 3272 p.
1020 3195 1089 3271 44);
1116 3195 1217 3275 itaquo
1245 3197 1345 3278 aliquo
1370 3199 1430 3257 iuro

353 3317 464 3377 ponere
484 3297 625 3357 debemus
639 3290 764 3373 πάτμων
786 3298 874 3358 etiam
889 3297 1010 3357 Aeolica
1031 3297 1064 3354 in
1078 3288 1204 3371 πάσμαν
1225 3304 1314 3378 atquo
1329 3301 1429 3360 hocin

355 3393 485 3476 πάμμων
513 3418 577 3458 2222
602 3400 911 3478 nansformatum18).
955 3401 1064 3458 Moneo
1087 3403 1186 3458 autem
1206 3399 1239 3458 in
1257 3402 1345 3478 plano
1366 3422 1428 3462 222-

355 3505 422 3564 dem
437 3500 636 3562 coniecturam
656 3503 716 3562 iam
738 3508 807 3564 anto
827 3522 874 3562 ms
897 3502 955 3562 alia
974 3502 1026 3564 ria
1042 3502 1242 3577 Bragmanum
1262 3503 1296 3562 in
1316 3506 1428 3564 adcura-

336 3731 409 3774 .tura
431 3727 457 3773 in
478 3725 544 3772 huno
567 3737 675 3772 srrorsm
698 3725 812 3786 delapsos
837 3739 891 3774 essa
916 3723 1044 3786 probabile
1069 3730 1118 3787 ast3
1146 3725 1249 3774 Tzotacs
1271 3726 1304 3774 ad
1325 3725 1426 3786 Lycoph.

355 3829 382 3860 v.
400 3813 450 3862 3⁵4
467 3805 599 3873 πεπαμένη
617 3811 748 3872 adscripsit
764 3811 800 3860 sio
811 3823 826 3857 a
837 3811 938 3859 Baohm.
955 3826 980 3872 p.
995 3811 1026 3858 86
1045 3811 1203 3860 emundatus:
1222 3799 1285 3874 ἕνμ
1302 3808 1425 3876 γραπτέον·

242 3901 243 3904 ’
355 3895 379 3948 oi
396 3892 425 3948 δὲ
444 3897 614 3960 μεταγραφεῖς
632 3887 680 3946 οὐκ
697 3889 745 3948 οἶδ’
763 3887 803 3948 ὅτι
814 3892 940 3954 παθόντες
956 3893 1003 3948 δύο
1019 3913 1059 3962 μμ
1072 3889 1206 3962 γράφουσι,
1225 3887 1262 3954 ὥς
1275 3885 1322 3946 οὐκ
1340 3889 1426 3951 εἰδότες

355 3973 395 4034 ὅτι
412 3977 472 4047 δίχα
488 3973 576 4029 τούτου
593 3974 622 4032 τὸ
640 3997 676 4032 πα
694 3977 790 4046 μακρόν
809 3977 870 4032 ἐστι.

425 4068 468 4127 18)
484 4065 574 4114 Nescio
592 4081 623 4115 an
640 4069 687 4114 huc
699 4068 799 4115 nomina
815 4067 916 4127 propria
932 4068 1014 4116 lacera
1025 4067 1122 4129 possint
1133 4061 1255 4130 Πάμμων
1272 4080 1320 4126 quo
1338 4061 1372 4113 Ω.
1383 4065 1425 4112 tto

355 4152 443 4212 aliquis
459 4151 552 4198 Priami
569 4167 599 4200 cx
610 4151 713 4202 Hecuba
729 4153 794 4202 filius
811 4153 956 4211 adpellatur‚
973 4158 1048 4212 atquo
1061 4153 1093 4199 ab
1104 4153 1196 4199 Herod.
1209 4151 1265 4198 VII.
1282 4166 1303 4197 α.
1317 4150 1364 4196 183
1376 4148 1424 4208 Scy·

355 4238 406 4288 rius
425 4237 524 4296 quidam
535 4243 641 4300 notatur,
659 4235 846 4304 Σαραπάμμων
864 4238 929 4296 quod
940 4238 972 4285 M.
986 4236 1102 4286 Schmidt.
1120 4236 1178 4287 Did
1190 4251 1214 4296 p.
1228 4236 1277 4283 318
1295 4234 1387 4282 aPoos.
1398 4234 1423 4282 V.
