3424 5386
760 417 780 481 3

226 575 441 654 perlustrandis
458 573 610 652 paululum
627 575 784 647 inmorari,
805 593 866 653 quo
885 574 1038 634 videamus
1055 575 1126 655 quid
1144 577 1184 634 sit
1199 578 1313 637 Aeolis·

226 697 292 738 mus
315 677 490 736 Homericus
513 681 543 736 et
565 680 676 735 certam
697 676 880 736 diiudicandi
901 695 1035 736 normam
1056 677 1244 754 accipiamur.

315 781 499 858 Quamquam
513 779 572 837 iam
591 779 650 851 diu,
673 782 753 838 certe
766 778 863 836 medio
882 779 998 839 saecule
1021 779 1133 859 quinto,
1159 799 1225 840 oum
1240 783 1309 840 uni-

226 901 313 943 versa
330 883 509 941 Graecorum
526 881 725 940 institutionis
743 881 821 940 ratio
839 881 986 941 niteretur
1002 883 1132 941 lectione
1148 884 1313 944 carminum

228 1003 294 1044 cum
316 989 471 1061 poetarum
485 982 611 1043 aliorum
627 988 693 1042 tum
711 983 851 1056 Homeri,
881 985 1061 1043 exstiterant
1075 984 1127 1063 qui
1142 985 1176 1044 in
1195 985 1315 1060 legendi

228 1065 314 1144 usum
325 1087 471 1147 uocabula
483 1086 637 1145 recondita
648 1085 840 1160 contegerent
853 1087 1010 1166 variasque
1021 1105 1110 1147 voces
1123 1087 1316 1164 disponerent

226 1189 568 1268 interpretarunturque‚
586 1188 667 1247 inter
679 1207 753 1266 ques
764 1189 889 1247 Homeri
901 1187 1129 1265 glossographus
1141 1189 1189 1267 11)
1202 1190 1315 1266 primus

226 1291 346 1351 videtur
364 1291 457 1352 tuisse
472 1291 661 1350 Democritus
678 1291 823 1350 Abderita
835 1290 893 1368 11),
916 1289 1108 1348 Aeolensium
1124 1311 1197 1352 vero
1213 1298 1315 1368 poeta-

225 1413 292 1452 rum
310 1395 558 1453 commemorandi
582 1397 652 1452 sunt
666 1392 868 1452 Dicaearchus
887 1393 1054 1451 Messenius
1070 1393 1178 1456 callias
1194 1396 1315 1472 Mytile-

153 1490 156 1498 '
226 1515 317 1554 naeus
332 1497 508 1556 Chamaeleo
523 1495 703 1554 Heracleote
714 1493 725 1532 ¹
736 1495 773 1574 ³),
796 1494 922 1554 aliorum
939 1493 1009 1568 aliis
1021 1499 1122 1554 tamen
1138 1515 1226 1556 nemo
1245 1503 1315 1556 ante

225 1583 446 1658 Alexandrinos
461 1600 498 1658 de
513 1597 696 1672 singularum
709 1597 903 1656 dialecturum
913 1597 1120 1674 discrepantiis
1136 1604 1167 1656 et
1179 1599 1314 1676 proprie-

226 1701 338 1759 tatibus
361 1701 567 1759 examinandis
590 1700 818 1779 adcuratiusque
843 1699 1045 1758 describendis
1071 1699 1230 1774 cogitavit,
1263 1703 1315 1760 sed

226 1806 280 1862 sub
292 1804 436 1862 Zenodoti
448 1804 565 1862 demum
575 1807 703 1861 aetatem
713 1803 746 1860 hi
756 1802 877 1861 illorum
885 1801 1103 1861 commentariis
1113 1801 1253 1863 instructi
1264 1805 1313 1882 14)

225 1911 321 1964 totam
336 1925 412 1984 quae
428 1911 474 1964 est
488 1907 524 1963 de
535 1905 668 1963 dialectis
680 1904 868 1981 disciplinam
882 1904 1055 1964 excitarunt
1067 1903 1151 1963 cuius
1165 1904 1199 1964 in
1208 1907 1315 1968 funda·

228 2008 337 2066 mentis
359 2007 502 2066 iaciendis
524 2007 653 2067 maxime
674 2005 837 2084 Dionysius
860 2007 980 2065 Iambus
1004 2006 1126 2086 eiusque
1154 2008 1315 2086 discipulus

225 2109 442 2186 Aristophanes
454 2109 617 2187 Byzantius
632 2109 773 2171 ridentur
788 2109 955 2168 elaborasse
967 2107 1026 2186 1⁵).
1059 2110 1125 2168 Iam
1142 2125 1213 2171 vero
1229 2131 1314 2189 prae·

226 2212 312 2288 cipue
329 2211 468 2288 primda.
483 2213 514 2270 O.
530 2230 559 2270 n.
575 2210 692 2274 saeculo
708 2211 742 2268 in
757 2209 950 2269 dialectorum
965 2211 1144 2270 tractatione
1161 2218 1191 2272 et
1203 2213 1324 2274 multost

226 2319 256 2373 et
278 2315 372 2372 bonos
394 2314 602 2388 grammaticos
628 2314 725 2372 studia
750 2318 893 2396 occupata
910 2314 1050 2372 habuisse
1068 2315 1191 2373 nomina
1207 2317 1315 2376 docent

225 2416 341 2512 Seleuci
351 2415 504 2475 Homerici
518 2416 569 2493 16)
583 2415 808 2492 Tyrannionum
818 2418 831 2454 1
841 2415 870 2494 1)
885 2415 1043 2474 Aristoclis
1053 2416 1164 2476 Rhodii
1176 2415 1224 2494 1⁸)
1242 2419 1314 2476 Phi·

225 2519 328 2579 loxeni
340 2517 389 2594 l⁹)
410 2519 560 2596 Pamphili
573 2518 624 2596 10)
646 2518 772 2578 abarum
795 2520 875 2578 inter
896 2537 969 2598 ques
987 2517 1118 2577 emnium
1137 2519 1314 2579 acerrimum

228 2621 432 2632 --.-.......

298 2651 340 2717 11)
357 2669 382 2700 v.
395 2653 493 2701 Lehrsii
505 2653 597 2716 librum
614 2654 645 2700 de
659 2654 797 2701 Aristarchi
810 2653 872 2702 stud.
884 2653 985 2701 Homer.
1004 2667 1028 2713 p.
1042 2654 1090 2701 35¹
1104 2665 1140 2713 sq.
1160 2657 1184 2701 et
1196 2653 1314 2704 Gracien-

226 2739 293 2786 hanii
309 2739 366 2784 hist.
385 2739 505 2798 philolog.
524 2738 615 2796 antiqu.
635 2739 654 2784 Ι.
671 2753 696 2797 p.
710 2741 853 2786 187-190.
872 2739 1014 2787 530-531.

295 2821 338 2886 12)
355 2823 387 2869 ef.
407 2823 572 2882 Seugebuscb.
591 2823 650 2870 diss.
668 2824 741 2870 Hom.
754 2824 775 2870 I.
792 2839 816 2884 p.
829 2827 872 2871 52.
885 2825 942 2870 135.

296 2907 338 2971 13)
356 2909 386 2956 de
398 2909 529 2955 Heraclide
541 2908 644 2954 Pontico
656 2921 729 2966 quem
741 2908 897 2954 Eustathium
914 2908 1027 2972 laudasse
1046 2907 1143 2954 Giesius
1155 2909 1217 2956 dixit
1233 2925 1257 2970 p.
1271 2912 1312 2970 37,

227 2995 328 3052 erravit,
346 2994 377 3039 ef.
389 2997 439 3040 not.
454 2997 493 3044 29.

296 3079 337 3142 14)
355 3095 379 3125 v.
398 3079 478 3126 Lehrs
495 3092 520 3138 p.
531 3082 573 3126 43.
1017 3110 1021 3117 .

295 3163 337 3226 15)
355 3165 386 3210 cs.
405 3163 510 3210 Nauekii
527 3163 614 3222 fragm.
631 3163 757 3222 Aristoph.
775 3161 835 3222 Byr.
853 3177 876 3222 p.
888 3163 915 3210 2.
934 3163 974 3209 69.
995 3163 1040 3221 73,
1066 3162 1275 3212 Graefenhanium
1292 3167 1311 3213 I.

226 3263 251 3308 p.
265 3248 314 3297 543
328 3263 364 3308 sq.
383 3255 482 3309 praeter
493 3249 579 3296 Woltii
590 3249 688 3307 Proleg.
706 3262 730 3307 p.
743 3246 830 3304 ccvi,
848 3246 954 3308 Sergeb.
966 3263 990 3308 p.
1005 3249 1045 3294 54.
1076 3249 1222 3297 Rectissime
1232 3258 1314 3300 autem

225 3335 272 3380 hoc
289 3338 433 3394 argumento
451 3348 510 3381 usus
523 3335 680 3381 Hellanicum
697 3334 883 3392 grammaticum
901 3334 943 3392 qui
960 3335 990 3381 de
1009 3335 1161 3393 quarundam
1178 3317 1313 3384 formarum

225 3418 331 3465 dialecto
342 3425 510 3480 praeceperat,
529 3433 544 3464 a
560 3423 659 3466 vetusto
671 3419 788 3466 historico
799 3418 908 3466 eiusdem
920 3419 1027 3466 nominis
1039 3419 1182 3479 segregavit
1192 3419 1310 3479 Sincaius,

225 3503 322 3550 Hellen.
341 3503 425 3550 Lesbii
441 3505 471 3550 ir.
489 3517 513 3564 p.
527 3505 652 3561 30-34,
676 3504 716 3550 oui
734 3518 818 3550 omnes
836 3518 891 3550 oum
908 3503 999 3552 Wolfio
1016 3519 1041 3564 p.
1056 3503 1167 3551 CXCIII.
1186 3521 1209 3552 u.
1222 3508 1263 3554 64.
1287 3513 1311 3552 et

226 3587 348 3636 Granerto
365 3589 392 3636 iu
409 3601 497 3635 comm.
516 3601 579 3646 quae
597 3592 649 3635 est:
672 3589 733 3635 iiber
750 3589 789 3636 die
806 3589 901 3635 homar.
919 3587 1084 3636 Ghon'zonten
1107 3590 1132 3635 in
1151 3589 1213 3637 Mus.
1231 3589 1311 3638 Itlicn.

225 3677 276 3719 ret.
288 3674 307 3720 1.
325 3675 414 3734 (1827)
431 3686 456 3733 p.
470 3673 527 3731 208,
545 3687 673 3720 assensum
689 3674 862 3734 praebuerunt.

296 3755 338 3821 16)
355 3757 387 3804 ci.
405 3757 570 3804 Graeieuhan.
584 3759 628 3805 111.
647 3773 671 3818 p.
685 3763 742 3808 20³.
935 3821 936 3824 Ἴ

296 3841 339 3906 11)
355 3843 489 3899 v.'Pleuer‚
507 3843 537 3888 de
555 3853 658 3902 gramm.
672 3845 829 3905 Tyrannione
846 3845 871 3891 in
884 3857 966 3903 progr.
979 3859 1062 3904 gymu.
1076 3844 1216 3892 Ioachimici
1229 3845 1309 3894 Beret

225 3931 335 3978 a1852.
355 3943 379 3988 p.
392 3931 416 3976 8.
430 3928 452 3972 9.
496 3941 498 3946 ’

295 4011 337 4077 18)
354 4029 379 4060 v.
399 4013 477 4060 Maur.
496 4009 612 4073 Schmidt,
631 4015 733 4075 Didymi
750 4013 878 4064 Chalcent.
895 4015 925 4060 ir.
941 4029 966 4074 p.
980 4015 1020 4061 25.

295 4102 338 4160 19)
356 4115 380 4145 v.
406 4100 440 4144 M.
467 4097 583 4146 Schmidt.
608 4101 633 4146 in
656 4099 924 4156 Pui101.1v.630sq.
951 4097 992 4144 VI.
1008 4099 1162 4148 660-666.
1205 4099 1309 4161 Sougeb.

225 4199 250 4244 p.
265 4187 304 4233 31.

294 4268 337 4332 20)
355 4285 379 4316 v.
400 4269 563 4317 Graeienhan.
576 4271 620 4316 111.
638 4285 661 4330 p.
676 4273 731 4319 205.

1052 4312 1093 4414 1¹*
