3424 5386
784 361 787 368 ¹
1432 305 1477 336 l

897 402 939 466 14

375 583 398 621 ε.
419 583 448 620 5.
468 566 549 619 2313
580 559 741 619 secuudum
763 559 948 637 Hesychium
973 558 1106 618 Pottium
1134 557 1209 616 alios
1236 575 1291 634 pro
1319 548 1539 616 droirssdov

374 663 590 738 interpretetus
613 668 672 736 est,
700 661 849 722 dubitavit
869 661 992 720 Ebelins
1013 661 1045 720 in
1067 660 1182 720 Kuhuii
1204 678 1271 718 ann.
1292 659 1353 719 VI.
1383 680 1424 736 p.
1450 665 1526 734 80,

376 765 429 843 qui
451 766 467 836 ζ
487 785 503 823 5
523 763 541 822 δ
562 770 666 825 natum
693 764 803 824 rectius
829 763 963 840 posuisse
989 764 1125 834 videtum
1155 753 1286 820 δάπεδον
1309 766 1365 820 555
1394 763 1446 821 Δ.
1476 769 1520 821 2.

374 862 400 923 δ.
415 866 485 926 627.
502 889 529 927 κ.
545 869 616 928 227.
635 869 659 924 λ.
674 871 745 925 419.
762 867 832 925 576.
855 887 880 943 ρ.
896 870 965 926 169.
981 886 1005 942 χ.
1024 871 1094 926 188.
1110 871 1180 925 309.
1197 867 1258 923 455
1283 863 1337 940 (ef.
1352 865 1515 926 Harbel.

373 989 402 1046 p.
419 970 508 1047 394);
539 961 714 1042 ἐπιζάφελος
741 974 841 1028 tamen
864 967 896 1026 .1.
916 971 976 1027 525
1008 974 1039 1028 55
1068 962 1313 1042 ἕπιζαφέλιοςῑῡ)
1348 966 1381 1025 I.
1410 971 1508 1026 516.

372 1071 394 1141 ζ.
414 1077 493 1143 330,
524 1071 691 1148 quodcum
714 1067 763 1129 ἒπ1
793 1077 824 1130 55
844 1071 896 1142 ζα·
918 1090 983 1130 5555
1010 1069 1196 1147 conpositum
1217 1067 1430 1128 Herodianus
1457 1089 1504 1126 π.

372 1176 445 1232 καθ.
465 1192 515 1248 πρ.
534 1173 558 1230 Ι.
582 1192 612 1248 p.
629 1179 688 1232 233
712 1179 743 1233 55
759 1194 790 1232 π.
810 1165 857 1232 'Ia
876 1174 917 1232 H.
941 1193 969 1250 p.
988 1173 1026 1231 67
1050 1171 1107 1231 sibi
1123 1170 1280 1250 persuasit,
1302 1191 1380 1230 cum
1397 1172 1499 1232 veri-

374 1274 508 1353 loquium
519 1275 649 1334 uondum
662 1275 701 1334 sit
713 1277 872 1336 enodatum
884 1275 934 1353 (of.
947 1273 1085 1334 Doederl.
1097 1276 1156 1334 111.
1171 1295 1202 1351 p.
1215 1279 1287 1334 230.
1299 1294 1322 1332 5.
1335 1293 1370 1332 5.
1388 1278 1491 1332 2296

372 1376 410 1435 de
440 1372 590 1450 διαφέλειν
617 1379 829 1456 derivantem),
859 1381 949 1456 atque
971 1367 1079 1452 ἀζηχὴς
1100 1377 1136 1434 Δ.
1158 1379 1230 1434 435.
1262 1375 1296 1434 Ο.
1314 1379 1371 1434 25.
1400 1380 1488 1436 658.

373 1478 404 1535 Ρ.
425 1479 496 1540 741.
524 1495 549 1538 o.
568 1486 602 1556 3,
630 1481 711 1558 quod
731 1480 869 1539 Doederl.
885 1479 926 1537 II.
949 1497 978 1554 p.
998 1479 1068 1538 279.
1091 1500 1113 1538 5.
1131 1498 1161 1536 5.
1181 1483 1242 1536 390
1264 1477 1420 1538 nimirum
1444 1477 1484 1536 in

372 1572 499 1658 ἆδιηχής
519 1583 657 1643 dissolvit
672 1587 806 1642 contorte
823 1582 1037 1657 interpretatus
1053 1599 1141 1660 quern
1155 1585 1273 1639 secutus
1288 1585 1336 1639 555
1351 1581 1478 1640 Ameis.

373 1705 402 1762 p.
420 1690 476 1757 30,
506 1684 744 1762 praetermittere
774 1683 867 1742 satius
895 1682 978 1742 duco.
1031 1683 1196 1742 Fatendum
1224 1687 1324 1742 cutem
1356 1686 1407 1742 est
1437 1682 1474 1741 in

371 1786 444 1845 Iade
465 1787 546 1844 hune
567 1786 727 1844 transitum
748 1784 913 1844 solitarium
935 1805 1008 1844 esse.
1029 1817 1071 1830 -
1097 1785 1188 1861 Apud
1207 1785 1377 1844 Homerum
1401 1784 1473 1864 qui·

373 1888 439 1947 dem
454 1888 626 1967 saepissime
641 1887 808 1946 adhibitum
820 1891 866 1946 est
879 1888 1045 1964 praefixum
1059 1887 1110 1959 ζα·
1126 1891 1212 1947 extra
1224 1887 1470 1964 conpositionem

369 1991 563 2065 inusitatum,
594 1991 673 2069 quod
701 2009 755 2066 pro
785 1985 858 2066 μέγα
886 1990 935 2050 vel
962 1982 1037 2049 πολδ
1066 1994 1112 2049 555
1140 1990 1341 2063 grammaticis
1370 1995 1466 2070 atque

370 2094 497 2154 alterum
512 2085 582 2171 eips-
602 2093 653 2154 vel
672 2087 735 2168 ἒρι-
757 2091 939 2170 aequiperat,
963 2092 1045 2152 ouius
1060 2092 1192 2167 vulgaris
1206 2092 1302 2151 forme
1317 2098 1383 2152 erat
1397 2090 1465 2150 δια-

371 2196 420 2273 (of.
440 2215 515 2276 ques
537 2195 718 2273 posteriores
739 2197 884 2271 praebent
906 2187 1072 2272 διάκοπρος
1094 2185 1223 2269 διαμμός
1244 2187 1373 2271 διαν-θής
1395 2186 1461 2252 διιὶ-

370 2318 467 2375 παρος
476 2342 488 2382 ,Ι
515 2302 546 2356 55
566 2296 722 2356 Alcaicum
743 2289 868 2371 ζάδηλος
888 2298 924 2356 fr.
946 2302 993 2369 1-3,
1013 2303 1031 2355 8
1055 2317 1122 2356 cum
1142 2295 1303 2356 Homerico
1325 2290 1460 2372 διεδηλή·

370 2415 459 2456 erveo
482 2396 506 2468 ξ.
525 2400 588 2478 37).
635 2399 734 2463 Quare
756 2399 941 2473 grammatici
964 2400 1025 2457 iam
1047 2399 1083 2457 de
1105 2399 1255 2459 Aeolismo
1279 2399 1454 2473 cogitarunt,

368 2501 449 2560 inter
477 2520 552 2579 quos
580 2500 683 2560 audias
707 2503 755 2560 Et.
777 2502 819 2560 M.
847 2505 925 2560 5555.
946 2522 975 2578 p.
993 2501 1065 2574 407,
1085 2501 1141 2560 16
1172 2501 1214 2560 515
1241 2501 1452 2577 disputantem:

370 2596 481 2674 ζάθεος
492 2636 534 2646 --
547 2601 698 2672 Αἰολικοῖς
714 2599 846 2681 γέγονεν·
869 2599 901 2662 οἱ
913 2595 969 2682 yde
980 2600 1099 2673 Αἰολεῖς
1114 2596 1147 2662 ιδ
1166 2595 1215 2662 διδ
1229 2603 1263 2674 ζα
1280 2602 1359 2677 φασί,
1378 2603 1397 2662 l.
1412 2605 1448 2662 17

369 2705 407 2764 od
422 2697 560 2776 ζάκοτος·
583 2696 604 2781 ἦ
626 2697 852 2784 διδ-πρόθεσις
867 2740 910 2750 --
927 2701 1094 2784 τρεπομένη
1117 2697 1177 2765 ded
1191 2700 1326 2764 Αἰολέων
1343 2702 1448 2783 γίνεται

370 2800 472 2880 ζα-οἵς
494 2800 652 2886 διαφλεγής
673 2800 833 2886 ζαφλεγής,
855 2843 898 2853 -
922 2800 1064 2884 διαμονῆς
1085 2800 1226 2884 ζαμενής,
1250 2807 1353 2887 quibus
1373 2807 1446 2866 male

373 2911 554 2984 Ahrensius,
577 2911 778 2986 Hartungium
799 2911 836 2969 de
859 2911 1013 2989 particulis
1031 2910 1051 2970 l.
1069 2911 1119 2970 Gr.
1135 2911 1160 2970 Ι.
1184 2930 1212 2987 p.
1230 2915 1291 2969 350
1311 2911 1362 2982 ζα·
1382 2927 1444 2969 555

370 3005 443 3090 ἄγα·
466 3018 684 3089 conponentem
698 3033 855 3090 perperam
876 3018 992 3074 secutus
1009 3013 1045 3091 (I.
1068 3034 1098 3090 p.
1114 3018 1164 3086 46,
1186 3013 1219 3071 15
1241 3033 1358 3087 gramm.
1378 3012 1441 3072 diel.

368 3113 460 3173 Attio.
483 3119 513 3174 et
534 3115 624 3176 Hom.
648 3115 673 3194 ξ.
692 3117 761 3175 127.
776 3137 805 3175 5.
828 3136 857 3193 p.
877 3117 964 3194 166),
986 3116 1075 3174 fidem
1097 3115 1265 3188 denegavit.
1286 3149 1288 3156 ι
1307 3115 1440 3195 Equidem

368 3215 517 3277 adiective
543 3210 651 3289 ζάθεος
679 3209 803 3290 {sinerer
830 3211 976 3297 ζατρεφής
1002 3209 1147 3297 §solertis
1173 3210 1299 3296 ζαχρηῆς
1319 3211 1435 3296 luviem)

438 3406 481 3466 15)
499 3403 659 3452 Scribsbetur
677 3400 836 3467 ἐπιζαφελῶς
852 3405 894 3464 qut
906 3409 1020 3453 accentus
1037 3404 1137 3452 omnino
1153 3404 1247 3452 rationo
1265 3410 1335 3465 curet,
1351 3405 1432 3454 55115·

367 3489 462 3536 rodian.
475 3504 502 3540 π.
512 3488 573 3540 καὶ).
585 3504 626 3553 πρ.
639 3491 658 3536 1.
677 3503 701 3550 p.
711 3491 769 3548 233,
781 3504 808 3540 π.
820 3481 866 3540 'Ia
878 3491 909 3538 11.
921 3507 945 3553 p.
956 3493 998 3551 61,
1008 3491 1150 3538 Buttmann.
1162 3505 1199 3551 gr.
1213 3489 1255 3537 Gr.
1267 3492 1299 3538 11.
1311 3506 1333 3552 p.
1342 3492 1391 3541 335.
1402 3505 1430 3551 n,

367 3573 502 3635 Goettling.
520 3576 550 3622 de
568 3588 618 3621 aco.
637 3590 662 3635 p.
676 3577 740 3634 3³43
762 3579 827 3622 recto
845 3577 920 3636 igitur
937 3581 1023 3625 contre
1039 3575 1176 3624 Aristarchi
1193 3579 1218 3624 55
1235 3591 1297 3636 quoe
1314 3591 1361 3624 eum
1375 3577 1432 3642 iusto

365 3661 421 3720 plus
446 3665 531 3709 secuta
554 3664 592 3706 est
613 3661 741 3720 paradosis
764 3663 933 3710 auctoritatem
958 3661 992 3726 (ν.
1010 3661 1097 3708 Lehrs.
1119 3677 1144 3722 p.
1158 3659 1218 3724 253)
1243 3661 1363 3710 Bekkerus
1381 3677 1428 3710 oum

367 3745 510 3794 Herodiano
528 3742 563 3809 (v.
582 3746 657 3794 schol.
675 3746 728 3794 Pal.
749 3746 780 3793 ed
800 3745 819 3806 ζ.
832 3749 891 3796 330.
909 3761 934 3798 π.
952 3738 1009 3798 Ὀδ·
1027 3761 1067 3810 πρ.
1085 3747 1117 3794 11.
1137 3745 1196 3812 146)
1213 3749 1323 3796 mutavit.

437 3830 479 3894 16)
496 3831 552 3879 Hoc
574 3835 640 3879 recte
656 3832 772 3880 ¹additum
796 3845 850 3879 esse
873 3833 962 3880 docent
978 3831 1097 3892 Hesychii
1120 3833 1218 3893 glossae
1236 3832 1348 3894 Cypriane
1368 3829 1425 3894 ζᾶει·

367 3915 432 3981 βινεῐ
447 3913 492 3966 καὶ
507 3917 566 3966 πνεῖ
579 3917 622 3963 vel
634 3915 753 3981 σφοδρῶς
764 3919 822 3966 πνεῖ
836 3923 862 3965 et
874 3913 986 3978 ζαέντες·
1007 3913 1124 3974 πνεόντες
1140 3931 1201 3978 quus
1219 3918 1356 3968 3515513355
1369 3925 1423 3970 reete

365 4014 410 4061 pro
428 3993 496 4052 διάει
514 3994 628 4066 (διάησι)
654 4006 679 4048 55
696 3998 808 4060 διαέντες
828 4019 882 4052 5555
898 4003 975 4062 vidit,
999 4002 1070 4060 curt.
1088 4018 1112 4063 p.
1125 4003 1174 4051 564
1200 4004 1240 4066 (ol.
1259 4010 1337 4070 contro
1351 4001 1423 4070 διάησι

366 4085 469 4137 διαπνεῖ
490 4090 514 4131 et
530 4085 603 4132 Hom.
622 4081 683 4150 διοίη
702 4088 743 4134 vel
761 4081 828 4137 διάει
846 4102 866 4138 ε.
879 4089 938 4137 173.
956 4103 978 4137 τ.
987 4087 1052 4145 490)
1075 4092 1100 4134 et
1117 4085 1193 4151 ζαὴς·
1219 4083 1332 4154 μεγάλως
1349 4088 1420 4151 πνέον,

352 4163 510 4228 -πολιῖπνονς
545 4172 661 4219 Inmerito
675 4185 733 4231 ergo
745 4171 886 4220 Lobeokius
903 4173 929 4220 15
940 4173 1011 4220 5155.
1023 4172 1090 4232 poth.
1103 4173 1123 4218 I.
1140 4189 1163 4234 p.
1180 4175 1236 4234 100,
1254 4175 1334 4236 parall.
1349 4191 1368 4237 p.
1379 4177 1419 4224 158

365 4255 491 4304 haesitans
510 4257 646 4320 simplexne
664 4262 729 4306 osset
755 4251 810 4317 ζάει
829 4252 930 4316 ζαέντες
956 4250 1022 4319 darie
1038 4271 1070 4305 au
1088 4259 1242 4319 conpositum
1267 4265 1293 4307 ut
1315 4255 1418 4327 ζοβάλλειν
