3126 5256
613 741 675 806 163

83 893 200 954 dolen
221 892 344 956 redolet
388 893 486 956 Huius
507 913 579 958 vero
601 895 802 974 putidissimae
823 895 1049 976 explanationis,
1071 917 1131 979 qus
1150 903 1186 962 ut

84 996 202 1056 varias
224 995 357 1058 eiusdem
370 998 502 1058 uotonis
523 998 632 1058 formes
652 1004 757 1077 utpote
771 999 858 1060 metri
878 1019 966 1060 eausa
978 1001 1119 1062 admissas
1135 1001 1186 1065 vel

80 1099 178 1160 dotas
193 1103 415 1160 oonsnavarunt
429 1119 569 1162 exousme
588 1101 630 1162 sie
644 1119 793 1181 quamque
812 1101 908 1178 poetis
922 1101 1074 1164 licentiam
1089 1109 1183 1165 ratam

82 1202 283 1273 habueruut,
311 1217 397 1277 spero
419 1191 566 1262 neminem
593 1204 658 1264 tore
681 1223 770 1283 quem
797 1204 947 1265 insulsitas
971 1205 1101 1281 effugiat
1145 1206 1185 1268 Et

82 1305 156 1364 iure
175 1302 354 1378 Burpessius
371 1305 400 1381 p‘.
417 1303 493 1364 XVI
515 1310 619 1367 sonim
635 1324 693 1379 eos,
718 1306 769 1386 qui
784 1306 941 1367 veristeten
958 1326 1008 1367 ees
1021 1307 1184 1368 Homerum

85 1405 236 1468 oonsulto
251 1409 282 1465 et
299 1423 338 1464 ex
350 1403 472 1466 lieentia
486 1425 545 1486 qua
564 1407 643 1487 quod
661 1412 787 1468 metrum
803 1407 955 1470 adiuvaret
969 1428 1054 1470 suum
1067 1410 1187 1470 teeisset

85 1506 270 1570 adhibuisse
291 1512 476 1580 eeneuerant
498 1508 691 1584 exclamavit:
718 1512 768 1589 ‘At
791 1507 856 1587 quis
882 1514 942 1570 tam
965 1511 1058 1572 mulia
1078 1511 1185 1576 eoloris

85 1609 174 1673 varii
196 1615 287 1690 atque
307 1609 419 1670 formae
440 1609 579 1671 adhibere
600 1609 747 1672 voluerit?
782 1610 849 1690 quis
871 1611 987 1672 demum
1008 1631 1112 1674 ausum
1133 1633 1185 1692 pa·

87 1715 212 1775 tienter
239 1706 372 1787 legesit’?
414 1711 574 1773 Enimvero
604 1731 790 1794 nequaquam
818 1732 918 1774 omnes
940 1714 1105 1776 Aeolismos
1132 1717 1185 1797 qui

89 1817 223 1878 exstant
239 1819 365 1874 eremum
384 1820 513 1887 messae,
538 1815 617 1894 quod
638 1814 697 1874 iam
713 1816 853 1876 Fosterus
874 1818 952 1893 apud
967 1816 1054 1894 Burg.
1077 1838 1105 1895 p.
1122 1823 1183 1877 398

90 1920 257 1995 disputans
277 1915 491 1977 nominativum
523 1915 556 1976 in
582 1937 601 1974 α
622 1915 775 1977 Aeolicum
802 1917 973 1998 ‘Homerum
999 1939 1059 1979 non
1090 1920 1185 1980 solum

90 2024 225 2100 propter
247 2018 333 2078 metri
353 2017 557 2080 nenessitatem
579 2017 657 2078 siem
674 2018 707 2078 in
731 2013 844 2078 inuisos
866 2017 999 2099 Νέστωρ,
1023 2023 1074 2082 sed
1096 2021 1185 2082 eliam

92 2123 152 2184 ubi
175 2119 294 2198 plenior
315 2119 485 2180 terminatio
506 2119 539 2181 in
554 2139 589 2193 ης
610 2119 722 2196 pariter
742 2121 1036 2197 versui'eonveniret,
1058 2123 1135 2186 deut
1154 2124 1187 2184 in

94 2217 312 2302 νεφεληγερέτα
337 2214 412 2290 Zsie
434 2216 610 2282 adhibuisse'
633 2222 817 2295 observavit,
845 2223 896 2282 ubi
918 2241 957 2284 ne
978 2225 1187 2286 audaoissimus

96 2327 225 2409 quidem
246 2324 365 2388 oritious
385 2323 539 2399 analogiae
559 2323 703 2384 rationem
726 2324 864 2404 persequi
885 2324 966 2385 velit.
1011 2325 1098 2400 Quid,
1119 2345 1185 2386 oum

98 2447 193 2511 quam
214 2426 310 2503 legem
331 2426 488 2498 Homerus,
510 2423 1059 2502 utskrzeoskse³⁶)1oeutionsuter‚
1079 2427 1137 2488 sibi
1152 2428 1185 2486 in

97 2552 158 2593 usu
179 2529 309 2606 plurium
329 2529 489 2590 formarum
504 2545 579 2608 quae
601 2545 680 2588 nuno
702 2527 826 2588 diversis
849 2526 981 2588 dialeotis
995 2528 1187 2604 adsignentur

98 2631 327 2713 praescripserit
340 2631 513 2710 plerumque
527 2629 705 2705 ignoremus,
722 2629 829 2710 suique
845 2629 994 2692 Aeolismo
1009 2631 1186 2708 peeuliarem

101 2734 307 2800 eondioionem
327 2733 468 2793 rimemur
489 2751 527 2792 an
541 2732 573 2792 in
588 2731 760 2794 universum
773 2751 863 2792 unam
876 2751 993 2794 oausam
1009 2752 1085 2814 quae
1099 2733 1187 2795 simul

102 2855 207 2900 omnes
222 2836 354 2912 explieat
367 2833 552 2900 adferamus?
598 2833 740 2899 Quemvis
753 2835 846 2912 igitur
866 2836 915 2898 vel
936 2836 1122 2917 frequentior
1137 2835 1186 2898 vel

101 2939 200 3002 rarior
225 2937 338 3000 formae
367 2937 491 2998 alienius
520 2957 591 2998 usus
620 2955 638 2996 e
665 2938 871 2998 commoditate
900 2925 1023 2999 menies
1049 2939 1185 3014 pendeat,

101 3051 205 3108 tamen
230 3039 328 3120 quivis
354 3039 437 3104 videt
463 3038 557 3115 ipsius
578 3038 657 3098 Indis
683 3039 891 3100 abundantiam
918 3057 1006 3120 quam
1027 3039 1186 3100 maximam

103 3151 196 3224 atque
217 3141 389 3204 facilitatem
413 3141 484 3202 salis
505 3140 596 3200 asine
620 3140 657 3198 ad
677 3159 780 3202 versus
802 3141 972 3218 explendos.
1015 3140 1090 3201 Sane
1110 3159 1183 3204 vero

102 3248 186 3310 aliud
211 3251 258 3308 est
285 3245 310 3304 si
338 3249 440 3322 poetas
462 3242 578 3304 Ionioas
606 3241 689 3301 tenui
718 3261 822 3303 versus
844 3242 1025 3319 prooudendi
1053 3241 1185 3304 sollertia

105 3357 223 3414 ooaotos
243 3347 341 3408 aliens
362 3364 401 3406 ex
422 3345 528 3406 adenis
550 3343 681 3408 disleotis
702 3343 823 3422 petiisse
845 3350 964 3420 statuas,
985 3345 1064 3406 aliud
1086 3345 1111 3406 si
1133 3363 1184 3406 eos

104 3455 216 3514 formas
237 3467 313 3530 quse
333 3447 452 3508 aliunde
480 3447 539 3509 iam
559 3452 678 3524 praesto
706 3453 793 3509 erant
813 3454 934 3525 propter
961 3447 1048 3510 metri
1069 3449 1185 3526 pondus

106 3551 290 3632 aptissimum
303 3550 353 3614 vel
367 3551 476 3612 eliade
490 3569 577 3610 eausa
591 3571 646 3629 pro
664 3549 832 3614 vernaeulis
845 3550 1004 3612 adscivisse
1017 3550 1066 3612 vel
1086 3550 1186 3630 potius

55 3687 56 3722 v
106 3653 264 3717 retinuisse
278 3653 333 3714 tibi
348 3653 533 3730 persuadeas.
577 3655 614 3714 In
635 3655 712 3714 hano
725 3658 838 3730 partem
855 3652 971 3714 Giesius
985 3675 1015 3732 p.
1030 3659 1097 3716 193.
1115 3659 1186 3715 200.

109 3762 142 3820 et
154 3755 298 3832 Bergkius
319 3751 436 3832 paee.
453 3775 496 3834 sq.
517 3759 577 3816 862
600 3755 826 3832 disputaverunt
845 3761 935 3836 atque
955 3756 1034 3816 eadit
1047 3754 1188 3818 emensa

55 3887 57 3968 p
110 3859 256 3922 sententie
268 3857 422 3919 verissima
436 3875 523 3936 quam
545 3875 584 3916 ex
605 3855 673 3916 dise.
696 3856 732 3915 de
746 3857 862 3931 ooniug.
884 3857 917 3914 in
938 3875 972 3931 μι
985 3856 1107 3918 Homer.
1122 3875 1150 3934 p.
1166 3861 1185 3916 2

111 3961 182 4040 ipsis
201 3961 300 4022 verbis
321 3960 498 4020 inseremus:
520 3957 581 4038 ‘der
594 3955 779 4016 homerisohe
793 3955 910 4018 Dialeot
923 3956 964 4019 ist
977 3956 1026 4016 ein
1040 3957 1188 4020 walthere

115 4063 300 4140 organisohes
321 4059 560 4138 Neturgewtiolss,
582 4058 666 4117 nieht
686 4058 778 4118 dureh
800 4058 1008 4135 Naehbildung
1029 4060 1099 4119 oder
1114 4059 1187 4119 Ver-

113 4167 265 4241 misohung
285 4163 511 4226 versohiedener
524 4160 656 4220 Dialeote
671 4159 822 4221 kinstlioh
839 4161 1015 4222 entstanden
1036 4162 1114 4222 noelr
1125 4179 1188 4249 ‘aus

113 4271 206 4332 ein'em
227 4265 417 4344 geeteltlosen
431 4263 622 4343 Spraohteige
642 4262 684 4320 im
698 4260 793 4337 Troge
815 4263 867 4323 des
881 4263 988 4323 Ver-ses
1005 4280 1188 4322 zusammen·

114 4367 269 4451 geknetet'.
291 4401 332 4412 -
370 4369 462 4428 Oredo
484 4385 555 4429 vero
577 4365 714 4444 equidem
734 4382 851 4424 oausam
873 4365 952 4445 quod
972 4363 1074 4442 aliqua
1093 4363 1188 4424 forma

113 4479 205 4538 metro
227 4492 289 4533 non
308 4469 474 4550 postulatur
499 4487 560 4527 non
580 4467 715 4527 idoneam
744 4484 808 4525 esse
835 4468 872 4527 ed
896 4484 961 4524 eam
982 4463 1187 4543 expellendam

182 4610 225 4670 dd)
242 4611 272 4657 ei.
290 4611 316 4658 in
333 4607 435 4657 Seebed.
453 4609 478 4654 et
494 4604 562 4652 laha.
580 4617 638 4651 sna.
654 4603 704 4651 vol
722 4603 801 4663 suppl.
819 4603 839 4650 1.
855 4615 880 4662 p.
892 4602 950 4652 548.

910 4692 943 4749 ll
955 4686 974 4723 ⁴*
