3126 5256
725 429 765 495 97

201 584 375 645 inusitatam
401 583 472 646 satis
499 585 663 659 testificari,
693 603 742 644 eas
768 587 868 662 partes
889 604 907 643 a
928 584 1065 661 genuinis
1093 603 1169 665 qnae
1190 583 1285 646 Lach-

203 705 330 746 mannus
359 685 538 747 distinxerat
564 687 758 763 segregandas
787 690 818 746 et
844 687 881 746 ad
909 686 1088 763 posteriores
1108 687 1287 748 Homeritas

205 805 270 846 esso
291 787 468 849 referendas.
512 787 571 852 Qui
592 788 673 849 locus
698 787 732 846 0.
748 793 806 859 162
829 808 896 848 aum
911 789 1029 865 fugerat
1045 808 1107 848 non
1123 791 1210 848 modo
1225 809 1287 848 non

206 891 351 966 egregiam
374 889 611 953 observationem
632 891 791 952 labefactat
812 892 863 950 sed
885 891 1069 950 firmamento
1088 893 1150 964 eat,
1173 910 1239 951 eum
1254 890 1288 950 in

204 991 282 1052 idem
304 990 500 1070 (Lachmanni
521 992 640 1054 tertium
669 997 700 1052 ct
728 991 885 1068 decimum)
913 1011 1031 1053 carmen
1059 992 1171 1052 incidat
1197 997 1287 1072 atque

193 1089 236 1180 NE.
261 1099 333 1154 265.
398 1095 456 1154 Sed
475 1095 557 1176 ‚quia
585 1093 769 1154 accusativus
798 1095 927 1154 nominis
957 1085 1092 1172 εὐρύοπα
1121 1094 1288 1154 necessario

203 1188 356 1273 edpoo'rrov
378 1197 480 1258 debuit
501 1197 692 1270 conformari,
722 1197 819 1256 elucet
840 1215 907 1256 eum
929 1215 968 1254 ex
989 1195 1126 1272 analogia
1153 1197 1288 1256 nomina·

202 1298 260 1359 tivi
283 1299 442 1359 admissum
463 1318 542 1371 esse;
564 1300 665 1378 itaque
687 1298 808 1356 minime
830 1297 933 1357 dubito
955 1299 1035 1357 huno
1054 1299 1177 1358 abusum
1198 1301 1288 1375 rhap-

205 1400 344 1460 sodorum
364 1401 485 1476 ingenio
507 1401 677 1476 adsignare,
707 1401 759 1478 qui
786 1401 860 1460 flora
889 1399 989 1476 poesis
1017 1399 1117 1476 opicae
1144 1399 1288 1460 inclinato

202 1501 262 1560 iam
288 1508 371 1562 recta
396 1502 515 1579 linguae
542 1504 712 1579 cognitione
741 1523 775 1564 ac
802 1521 891 1562 sensu
920 1501 1055 1562 destituti
1081 1502 1206 1561 formam
1239 1501 1289 1562 vel

202 1604 359 1665 formulam
376 1625 437 1664 non
452 1612 532 1666 recte
546 1606 734 1682 interpretati
750 1610 820 1665 suut
831 1603 891 1682 ³⁰).
935 1602 1023 1668 Quod
1036 1609 1135 1664 autem
1150 1595 1288 1683 εὐρύοπα

206 1705 270 1781 Ζῆν
291 1711 336 1766 est
364 1707 453 1768 etiam
476 1708 555 1784 apud
576 1708 648 1768 Hes.
671 1707 781 1784 Theog.
803 1727 832 1769 v.
854 1710 940 1780 884„
970 1706 995 1766 si
1023 1725 1127 1766 versus
1153 1710 1233 1766 recte
1256 1723 1288 1765 ee

202 1809 308 1882 habet,
331 1809 510 1886 perspicitur
531 1828 590 1889 quo
613 1814 747 1886 tempore
767 1809 819 1867 ille
840 1828 923 1869 error
944 1810 1119 1871 manaverit

416 1992 442 2071 ξ.
469 1998 516 2054 12.
558 1995 610 2053 Da
632 1997 794 2055 secunda
816 1994 1083 2055 declinatione.

290 2111 461 2173 Notandum
481 2112 618 2189 inprimis
640 2118 700 2186 est,
723 2125 789 2172 oum
810 2114 842 2172 in
862 2114 929 2190 ipsa
944 2112 1076 2173 flexione
1091 2111 1213 2172 Aeoliae
1228 2111 1290 2172 dia·

171 2260 173 2268 .
205 2212 299 2274 iectus
320 2214 475 2290 evulgari
497 2215 710 2276 consuetudine
738 2235 800 2274 non
819 2217 985 2288 recederet,
1015 2213 1173 2274 nonnullas
1201 2233 1290 2275 voces

205 2335 245 2374 ex
266 2316 355 2376 tortia
376 2336 452 2396 quae
466 2317 557 2395 vulgo
577 2319 685 2380 dicitur
704 2318 902 2378 declinatione
916 2319 949 2377 in
966 2321 1124 2379 secundam
1140 2318 1290 2378 uaduotas
1390 2350 1393 2358 ·

206 2436 286 2492 esse,
309 2418 392 2478 cuius
412 2420 537 2480 rationis
559 2421 697 2499 exempla
719 2440 795 2503 quae
816 2421 849 2481 in
866 2421 1034 2482 Homericis
1049 2420 1228 2482 carminibus
1243 2439 1290 2480 re·

205 2521 335 2598 parimus
355 2521 435 2582 inter
454 2523 582 2599 vestigia
603 2524 726 2584 Aeolica
747 2524 913 2584 enumerari
934 2524 1051 2584 debent.

295 2623 322 2697 1)
345 2624 404 2682 Pro
426 2624 548 2699 vulgato
570 2620 646 2701 ἔρως
661 2626 823 2687 Aeolensos
837 2625 1072 2702 pronuntiabant
1086 2620 1155 2700 ἔρος
1171 2623 1289 2699 saepius

205 2728 356 2783 servatum
381 2722 415 2781 in
442 2723 470 2781 S.
492 2725 529 2781 fr.
553 2729 602 2783 40.
626 2723 701 2800 (42.)
725 2725 774 2782 to.
799 2727 848 2785 74.
880 2725 933 2784 ubi
960 2743 1022 2781 non
1053 2725 1201 2801 adsequor
1238 2741 1291 2782 our

203 2824 353 2910 Bargkius
366 2814 466 2900 Ἔρως
487 2825 520 2882 in
547 2824 607 2904 fine
633 2823 803 2901 reliquerit;
831 2824 997 2883 Ahrensius
1018 2828 1117 2882 autem
1138 2823 1290 2881 Aeolicam

201 2927 327 2986 formam
351 2926 512 2984 reduxerat
540 2925 581 3002 (v.
602 2924 639 2982 fr.
664 2929 713 2982 33.
734 2927 823 2997 Ahr.,
855 2926 892 2984 cf.
914 2925 939 2984 Ι.
967 2944 995 3001 p.
1021 2921 1143 3004 12011).
1171 2999 1174 3006 Ι
1199 2925 1290 3000 Apud

202 3028 368 3087 Homerum
389 3026 508 3104 quidem
530 3007 699 3086 Aeolismus
721 3027 758 3086 ab
780 3028 863 3086 Eust.
885 3027 926 3104 (p.
946 3031 1019 3100 136,
1032 3031 1087 3085 33:
1116 3019 1150 3090 cd
1166 3021 1199 3086 di
1221 3023 1290 3106 ἔρον

203 3122 347 3188 nesrac
369 3126 429 3188 cu
450 3134 539 3210 atque
562 3129 791 3190 ascensiano
814 3113 936 3191 leona
964 3129 1084 3208 patoes
1107 3127 1133 3208 ς.
1150 3135 1178 3188 a.
1201 3130 1243 3190 n.
1256 3130 1288 3208 e)

203 3233 311 3292 diserte
334 3232 532 3307 conprobatus
555 3237 600 3292 est
627 3238 717 3312 atque
747 3234 831 3295 libris
859 3233 1096 3304 commendetus3
1125 3233 1290 3293 rectissime

203 3353 273 3410 ergo
294 3336 451 3394 Bekkerus
472 3335 504 3394 in
527 3335 576 3396 alt.
592 3337 637 3396 ed.
653 3336 809 3413 Rumpiius
823 3337 856 3395 in
869 3337 955 3396 Iahn.
971 3355 1039 3395 ann.
1054 3356 1083 3397 v.
1101 3340 1150 3395 61.
1173 3355 1201 3412 p.
1216 3341 1286 3395 566.

271 3502 314 3568 30)
331 3503 369 3550 Ne
386 3503 449 3550 forte
461 3503 543 3550 multis
553 3505 683 3564 quicquam
700 3506 775 3566 plana
791 3506 885 3554 insoliti
903 3510 928 3554 et
945 3507 1047 3554 inauditi
1065 3505 1232 3566 adsumpsisse
1250 3505 1287 3552 vi·
1305 3543 1308 3550 .

203 3589 262 3636 dean
279 3601 412 3646 eorumque
428 3589 454 3635 in
478 3584 570 3636 crimen
593 3592 730 3648 incurram,
744 3591 834 3652 ‘simile
859 3569 975 3638 iudicium
998 3575 1063 3651 qdod
1086 3590 1116 3637 G.
1135 3588 1234 3636 Curtius
1257 3589 1287 3636 de

202 3671 272 3721 verb.
289 3687 314 3732 p.
327 3669 443 3736 16116111
455 3677 511 3720 tart.
523 3689 589 3734 pers.
601 3675 666 3722 dual.
679 3677 776 3736 imperf.
794 3675 879 3724 formis
896 3670 1015 3728 διώκετον
1033 3673 1066 3725 Κ.
1080 3677 1137 3722 363.
1157 3669 1287 3739 ἐτεύχετον

202 3755 237 3809 Ν.
251 3759 308 3808 346.
326 3753 483 3821 λαφύσσετον
501 3755 536 3808 Σ.
550 3761 599 3808 563
618 3759 653 3823 (v.
673 3761 850 3807 Fricdlaender
861 3761 935 3810 Arist.
953 3777 978 3822 p.
989 3765 1013 3808 4.
1032 3777 1056 3808 n.
1071 3761 1107 3823 1.)
1120 3759 1229 3821 protulit,
1247 3757 1288 3805 hic

203 3845 273 3892 iuvat
290 3844 449 3903 adscripissa:
468 3848 600 3904 „arwiigcn
617 3845 662 3892 wir
679 3871 712 3879 -
731 3845 787 3892 dass
801 3845 861 3904 jane
879 3850 895 3895 3
913 3846 992 3893 Versa
1009 3846 1061 3893 sich
1078 3845 1104 3891 in
1122 3844 1227 3892 Theilen
1244 3842 1288 3890 der

203 3931 264 3978 Ilias
281 3931 377 3987 finden,
396 3929 435 3975 die
453 3929 582 3976 sichcrlich
599 3929 667 3976 nicht
684 3943 715 3976 zu
733 3929 780 3976 den
798 3930 903 3978 dltasten
921 3930 1043 3989 gahiirsn,
1061 3929 1086 3975 in
1100 3928 1144 3976 der
1155 3928 1286 3987 Doloueia

203 4015 237 4062 im
254 4015 338 4062 Schild
355 4014 398 4061 des
409 4014 489 4062 Achill
507 4015 558 4061 und
574 4015 599 4061 in
619 4015 687 4063 einer
704 4013 786 4074 Stella,
805 4014 844 4062 die
861 4014 962 4060 Beklrer
979 4012 1047 4059 nicht
1064 4013 1127 4060 ohne
1146 4011 1232 4059 Grund
1250 4015 1287 4063 als

203 4099 373 4152 Einsohiebscl
389 4099 542 4158 benachtet,
560 4115 587 4147 so
605 4099 667 4147 wird
684 4114 741 4147 man
759 4100 811 4147 sich
829 4100 904 4147 dahin
921 4099 1025 4158 neigen,
1044 4098 1096 4145 dic
1114 4097 1286 4148 Auomalia

204 4199 261 4233 aus
287 4187 379 4233 einer
401 4185 589 4246 Verirrung
613 4186 671 4235 das
701 4184 968 4257 Spraohgefiihls
992 4181 1127 4232 beiden
1152 4187 1287 4244 apttcru

204 4270 400 4334 Rhapsoden
417 4287 455 4322 nu
472 4273 655 4321 1111111111ιέι

1064 4357 1080 4413 7
