3424 5386
929 417 971 484 56

409 571 509 634 ἔδεκτο
537 579 568 636 et
589 592 619 632 π.
637 574 696 634 174
724 577 843 652 praeter
870 565 942 650 θῆκ’
968 574 1095 650 legimus
1123 568 1213 650 δέμας
1238 565 1268 630 d'
1301 561 1416 646 ὄφελλε
1456 565 1530 628 καὶ

410 669 504 753 ἥβην,
534 677 586 736 ubi
607 675 678 738 licet
699 696 760 736 non
782 695 836 754 pro
859 679 939 737 certo
963 675 1197 738 confirmaverim
1217 673 1342 734 aoristos
1362 677 1526 750 praestat

409 777 598 856 intelleger03
620 779 671 840 sed
690 779 855 839 Homerum
876 797 946 838 sane
962 779 1134 840 Theocritus
1153 781 1201 850 25,
1221 780 1279 835 120
1300 774 1442 835 imitatus
1462 779 1521 834 est

410 879 462 960 qui
483 885 552 957 post
573 871 673 940 ὤπασε
695 881 794 941 statim
816 871 919 955 ὄφελλε
940 880 1075 940 adhibuit
1089 879 1278 939 Homericam
1296 877 1380 938 vocis
1395 877 1516 937 sedem

407 986 478 1059 post
493 980 592 1058 τρλτον
608 984 744 1061 τροχαῖον
761 982 900 1044 usitatum
923 974 1051 1057 (ὀφέλλει
1070 981 1103 1041 Γ.
1119 987 1168 1041 62.
1194 981 1228 1040 Τ.
1244 985 1315 1040 242.
1338 971 1516 1054 ὀφέλλεμεν

411 1082 454 1143 Π.
471 1089 541 1144 681.
571 1075 704 1156 ὀφέλλειν
726 1103 751 1144 ο.
766 1089 816 1146 21.
839 1079 1002 1160 ὀφέλλωσιν
1026 1084 1065 1142 Α.
1087 1087 1156 1142 510.
1181 1074 1347 1158 ὀφέλλουσα
1370 1083 1406 1139 Δ.
1426 1085 1512 1140 445.

410 1175 549 1259 geiaco
573 1187 612 1246 Ψ.
633 1192 703 1247 ιιι.
725 1186 748 1259 ξ.
766 1193 841 1260 233,
862 1186 957 1247 solum
974 1185 1009 1243 0.
1022 1189 1082 1244 ccc
1104 1191 1223 1263 practer
1245 1185 1280 1243 Β.
1296 1189 1358 1244 420
1380 1184 1415 1244 in
1440 1183 1512 1242 fine

411 1286 469 1364 est)
491 1287 665 1362 observane3
692 1291 782 1352 etiam
808 1291 841 1349 in
862 1308 952 1351 versu
973 1287 1011 1344 A.
1030 1291 1105 1347 51οι
1133 1277 1202 1365 ὄφρ’
1224 1277 1264 1346 dv
1282 1276 1396 1363 Ἀχαιολ
1421 1277 1512 1368 {vido

412 1380 486 1464 ἐμὸν
505 1387 641 1465 τίσωσιν,
669 1387 831 1469 ὀφέλλωσίν
861 1387 892 1450 τέ
919 1384 1024 1472 ἓτιμῇ
1052 1389 1155 1450 coristi
1181 1389 1389 1450 coniunctivue
1416 1387 1509 1448 solus

410 1494 497 1568 optus
518 1497 573 1554 eet.

496 1595 538 1655 Π.
569 1596 752 1674 regressivae
772 1591 1015 1655 adsimilationis:

501 1697 529 1775 1)
551 1699 588 1757 Ιιι
609 1698 764 1778 adiectiuis
786 1715 825 1756 ex
846 1695 988 1773 stirpibus
1009 1696 1042 1754 in
1057 1715 1087 1765 ες
1101 1695 1242 1756 derivatis
1263 1699 1294 1756 et
1307 1695 1417 1755 suffixo
1433 1714 1506 1764 -νσς

411 1797 547 1860 formatis
567 1800 657 1876 vulgo
678 1800 779 1859 littera
797 1799 952 1874 cexplcsa
965 1798 1129 1875 productio,
1151 1799 1229 1876 apud
1243 1798 1406 1857 Aeolenses
1425 1817 1502 1857 vero

414 1899 554 1977 spirantis
575 1902 703 1962 labentis
713 1899 899 1970 adsimilatio
920 1901 999 1962 facta
1021 1905 1079 1975 est,
1111 1901 1147 1961 cf.
1166 1901 1202 1960 de
1224 1891 1346 1978 ὅρεννσς
1367 1891 1502 1973 peierare

411 2003 484 2064 Ahr.
501 2005 525 2064 I.
548 2024 578 2081 p.
591 2009 640 2064 52.
683 2004 753 2062 Iure
767 2002 860 2078 igitur
881 2024 908 2065 v.
930 2004 957 2063 d.
980 2005 1016 2062 de
1030 2003 1169 2063 mistione
1186 2001 1264 2062 diull.
1287 2021 1316 2079 p.
1329 2007 1368 2060 65
1390 2017 1496 2078 χρυσο-

413 2101 553 2179 φαέννων
573 2107 653 2166 inter
667 2104 871 2179 Anacreontis,
890 2125 919 2182 p.
933 2105 982 2166 72.
1005 2106 1040 2165 de
1056 2103 1124 2165 diel.
1142 2104 1226 2164 Aeol.
1243 2124 1272 2181 p.
1285 2108 1346 2162 284
1369 2099 1497 2177 φαεινός

412 2199 546 2278 adscende
560 2200 733 2276 κελαὸιννός
746 2208 826 2268 inter
836 2207 958 2266 Pindari
969 2208 1134 2268 Aeolismoe
1150 2205 1335 2267 enumeravit
1348 2206 1398 2283 (cf.
1407 2208 1497 2266 Peter

413 2309 449 2368 de
465 2308 532 2369 dial.
547 2309 633 2368 Pind.
648 2331 677 2387 p.
693 2310 753 2388 17).
796 2309 973 2368 Homericus
988 2315 1085 2369 autem
1107 2328 1178 2369 usus
1196 2313 1231 2368 ut
1245 2327 1361 2386 semper
1376 2303 1496 2382 φαεινὰς

413 2414 445 2470 et
465 2403 631 2480 κειαδεινὸς
649 2412 694 2472 itu
713 2419 814 2472 tamen
836 2401 975 2490 λργεινὸς
997 2412 1029 2468 Γ.
1048 2415 1116 2471 141.
1136 2415 1203 2471 loc.
1229 2410 1263 2468 z.
1281 2417 1352 2471 424.
1375 2412 1410 2468 Σ.
1425 2417 1492 2471 cco.

416 2515 485 2570 588.
509 2531 535 2589 ρ.
551 2513 613 2571 472
642 2505 887 2593 (51.6ργεσ-τής)
910 2517 940 2572 et
962 2504 1113 2590 ἕρεβεννὸς
1136 2513 1260 2590 praebet
1281 2515 1318 2572 Ε.
1336 2519 1405 2572 659.
1425 2519 1491 2575 864.

415 2613 455 2671 Ν.
468 2618 539 2674 425.
553 2619 623 2675 cco.
641 2617 679 2675 x.
693 2621 754 2675 occ
771 2620 840 2692 post
849 2616 1106 2692 penthemimerin,
1124 2613 1365 2675 e.4cc.1.474.
1384 2615 1420 2673 x.
1433 2621 1490 2675 cco

412 2716 446 2776 in
466 2716 527 2778 fine
541 2737 681 2778 versuum
703 2716 752 2792 (cf.
769 2715 872 2796 ἔρεβος
885 2739 914 2778 v.
930 2719 1003 2777 Ahr.
1022 2717 1055 2777 in
1072 2737 1192 2794 gramm.
1212 2715 1238 2796 ς.
1255 2721 1321 2778 141.
1344 2739 1374 2795 p.
1394 2719 1446 2778 177
1462 2724 1492 2779 et
1616 2741 1617 2760 ι

415 2820 555 2880 Leskien.
577 2821 610 2879 in
632 2822 711 2881 curt.
729 2819 812 2880 Stud.
830 2842 860 2881 v.
877 2822 919 2880 H.
941 2841 969 2897 p.
986 2820 1074 2898 101);
1103 2821 1136 2879 in
1158 2820 1291 2898 Odyssea
1319 2841 1383 2880 non
1401 2826 1492 2881 exstat
1616 2807 1617 2874 ζ

415 2941 513 3003 neque
534 2943 666 3004 unquam
693 2923 841 2999 reperitur
869 2914 1005 3001 ἅργεινός
1031 2942 1129 3003 neque
1158 2919 1302 3001 ἕρεβεινός
1329 2925 1407 3003 quod
1427 2945 1490 2984 cou-
1616 2919 1617 2928 ’

417 3025 543 3100 spiraret
564 3046 629 3085 cum
652 3019 774 3094 ἐλεεινός
789 3019 921 3095 cinctutis
935 3017 1081 3095 πετεεινός
1096 3017 1244 3103 dispacati
1260 3019 1407 3103 ἐρατεινάς
1422 3026 1488 3085 eliis.

416 3126 605 3186 Herodianus
627 3127 745 3207 quidem
760 3147 938 3208 quamquam
953 3126 1070 3202 saepius
1092 3128 1128 3185 de
1141 3126 1272 3187 Aeolicis
1286 3129 1390 3188 formis
1410 3139 1488 3201 φαεν-

418 3220 470 3297 λός
484 3221 636 3303 φωιεννός
649 3223 821 3298 octocenti
835 3229 1016 3289 mentionem
1029 3229 1102 3288 fecit
1120 3228 1163 3307 (π.
1178 3221 1303 3308 ὀρθσγρ.
1320 3251 1349 3307 p.
1364 3236 1429 3304 532,
1445 3231 1487 3290 17.

421 3333 491 3405 597,
513 3331 572 3410 14),
593 3337 693 3392 tamen
707 3352 739 3390 π.
756 3335 829 3390 καθ.
845 3352 894 3410 πρ.
910 3333 935 3390 Ι.
950 3352 979 3408 p.
995 3331 1052 3390 175
1075 3331 1228 3405 vulgarem
1242 3333 1381 3409 probavit
1400 3352 1488 3392 earum

419 3441 581 3496 accentum.
617 3435 701 3494 Duae
715 3453 787 3493 vero
803 3453 877 3513 quas
891 3433 977 3511 posui
995 3430 1118 3493 Aeolica
1133 3433 1261 3510 vestigia
1274 3435 1409 3495 habende
1420 3440 1487 3508 suut,

419 3540 498 3600 inter
527 3556 603 3619 quae
631 3526 772 3615 ἄργεννὸς
795 3536 918 3596 Aeolioo
942 3537 1063 3595 nomine
1088 3530 1313 3616 Ἀργιννόεσσαι
1339 3557 1394 3614 pro
1418 3538 1487 3612 vulg.

416 3633 626 3720 Ἀργινούσσαι
639 3644 747 3700 testato
762 3640 807 3718 (π.
822 3643 898 3698 cod.
911 3640 952 3698 ΙΙ.
967 3659 996 3716 p.
1009 3640 1080 3713 477,
1095 3641 1148 3717 27)
1161 3628 1359 3714 confirmatur,
1377 3641 1411 3700 cf.
1420 3640 1486 3698 Doc-

422 3744 544 3806 derlein.
560 3742 648 3818 gloss.
663 3742 752 3801 Hom.
770 3743 794 3808 Ι,
810 3763 839 3819 p.
852 3746 923 3801 211.
939 3763 967 3800 n.
981 3746 1051 3800 325.
1075 3747 1104 3802 et
1117 3743 1244 3801 Ahreus.
1265 3742 1299 3801 in
1314 3761 1427 3818 gramm.
1440 3742 1456 3800 l.
1469 3741 1486 3802 1.

421 3849 481 3910 Ubi
496 3850 594 3906 autem
603 3845 749 3905 Pindarus
765 3850 796 3906 et
807 3846 901 3906 Attici
915 3844 1021 3921 tragmi
1035 3844 1075 3923 (v.
1091 3836 1220 3919 φαεννὰς
1230 3843 1321 3922 Soph.
1332 3845 1380 3904 Ai.
1391 3865 1416 3904 v.
1428 3849 1485 3917 843,

421 3954 491 4012 Eur.
509 3952 566 4008 An.
584 3968 611 4008 v.
631 3953 721 4008 1086.
743 3952 831 4007 1146.
853 3948 960 4008 Bacch.
977 3967 1005 4008 v.
1022 3950 1092 4006 681.
1115 3947 1194 4024 Cycl.
1211 3952 1280 4020 353,
1303 3950 1399 4006 Anon.
1411 3946 1485 4006 Rhoe.

422 4076 450 4115 v.
470 4057 522 4124 59,
554 4051 589 4111 cf.
609 4049 710 4112 Gerth.
739 4051 806 4112 diss.
835 4051 871 4109 de
898 4050 965 4109 dial.
994 4051 1095 4124 tragic.
1124 4049 1157 4107 in
1178 4050 1258 4110 Ourt.
1280 4048 1363 4107 Stud.
1384 4068 1409 4108 v.
1422 4049 1442 4120 1,
1461 4053 1484 4108 2.

421 4177 450 4233 p.
464 4158 534 4226 268,
558 4145 700 4233 ἄργεννός
720 4152 963 4230 Hur.Iph.An1
980 4173 1009 4212 r.
1025 4151 1094 4223 574,
1117 4151 1187 4229 alia)
1209 4150 1360 4210 Aeolicam
1380 4147 1483 4210 formam

423 4256 630 4333 adhibuerunt,
652 4256 694 4318 ibi
718 4276 769 4318 eos
791 4255 954 4316 orationem
975 4252 1025 4315 vel
1045 4253 1081 4312 ad
1102 4253 1227 4312 Homeri
1248 4250 1297 4311 vel
1319 4250 1483 4313 Aeolicorun
