3424 5386
200 1025 203 1032 .
252 975 379 1036 Aiolidai
397 984 603 1050 revocaverat,
630 983 729 1038 tamen
746 976 824 1038 dixit
838 977 989 1036 Aeolicam
1005 976 1081 1036 nihil
1097 977 1177 1036 aliud
1193 995 1211 1036 a
1226 973 1337 1036 Dorica

201 1125 207 1138 .
252 1080 390 1140 divisisse
404 1099 491 1158 quam
506 1078 696 1152 „Aestiorum
710 1079 744 1140 in
752 1080 855 1140 Asiam
870 1079 1169 1153 commigrationem“,
1188 1085 1291 1155 aperte
1306 1087 1337 1140 st

251 1181 406 1262 antiquam
421 1180 573 1240 Aeolicam
592 1187 622 1240 et
638 1181 801 1242 Asiaticam
818 1201 982 1256 agnoscens
994 1179 1053 1257 32).
1096 1182 1182 1242 Inter
1199 1181 1334 1259 alios³³)

251 1284 340 1344 latius
365 1283 519 1364 fusiusque
548 1284 584 1342 de
606 1283 802 1344 dialectcrum
826 1282 983 1362 principiis
1005 1283 1181 1356 Burgessius
1203 1283 1336 1362 disputa·

251 1391 342 1446 verat
387 1387 559 1446 Arbitratus
580 1386 674 1460 igitur
694 1406 791 1465 neque
814 1406 897 1446 suam
916 1385 1022 1464 cuique
1038 1384 1155 1458 regiam
1176 1385 1335 1446 dialectum

248 1488 399 1566 propriam
409 1508 473 1547 esse
483 1489 651 1548 habendam
663 1507 761 1568 neque
774 1494 898 1567 propter
912 1506 1049 1562 maguam
1059 1487 1142 1548 inter
1155 1507 1187 1546 se
1201 1488 1331 1548 necessi·

248 1591 383 1651 tudinem
395 1609 573 1670 qoamquam
584 1589 764 1665 singularem
776 1591 837 1650 ullo
849 1590 945 1650 limite
955 1609 1042 1666 posse
1054 1588 1264 1662 circumscribi,
1283 1610 1333 1650 eas

249 1692 434 1754 diversarum
453 1692 573 1766 hugues
594 1697 726 1753 aetatum
748 1673 860 1752 indicia
879 1711 943 1753 esse
961 1693 1003 1770 (p.
1018 1691 1103 1750 XVI.
1120 1691 1238 1751 XVIII.
1258 1693 1332 1769 399)

248 1795 292 1854 sio
307 1795 515 1872 pronuntiavit
530 1817 560 1873 p.
574 1795 649 1855 XV:
671 1795 833 1870 „Graecam
849 1795 983 1870 linguam
997 1793 1234 1874 antiquissimam
1251 1796 1332 1853 haud

247 1897 291 1956 ita
302 1897 448 1958 diversam
460 1898 552 1958 fuisse
564 1903 594 1957 et
603 1899 731 1957 florente
740 1897 865 1958 Aeolica
878 1902 912 1956 ut
923 1902 1026 1975 postea
1036 1897 1199 1960 vocabatur
1210 1897 1332 1973 (intelle

248 2006 303 2072 „A
329 2001 391 2060 sive
416 1999 557 2060 Doricam
582 2019 670 2080 quam
693 2000 893 2080 loquebantur
916 1999 1033 2079 antiqui
1057 1999 1184 2058 uniuersi
1208 1998 1333 2058 Graeci“

246 2123 275 2180 p.
291 2103 366 2181 406)
389 2104 521 2162 nondum
543 2102 594 2162 illo
616 2102 810 2164 dialectorum
829 2101 1000 2162 discrimine
1014 2100 1204 2177 insignitam,
1229 2102 1332 2182 itaque

247 2205 378 2265 nondum
393 2204 515 2264 nomina
531 2202 689 2277 Αἰολίδος,
717 2197 832 2276 Ἰάδος,
858 2199 1006 2271 Ἀτθίδος
1026 2203 1205 2277 innotuisse,
1227 2225 1332 2266 verum
1410 2203 1414 2212 ’

245 2309 334 2369 hocce
350 2307 492 2366 dialectos
506 2309 544 2365 ab
561 2307 769 2387 antiquissima
782 2307 886 2381 lingua
903 2311 933 2366 et
948 2307 1054 2365 deinde
1071 2306 1144 2365 adeo
1159 2307 1197 2366 ab
1209 2307 1333 2368 Aeolica

247 2411 396 2485 profectas
418 2413 449 2468 et
470 2409 600 2469 variatas
616 2405 712 2480 csse'’;
740 2414 896 2487 practerea
911 2408 1065 2468 Aeolicam
1082 2408 1211 2468 Achaeis
1233 2408 1337 2469 vindi.-¹

245 2511 326 2570 eavit
347 2510 397 2590 qui
416 2511 570 2570 Boeotiam
588 2516 782 2588 occupassent
800 2517 832 2571 et
846 2511 880 2570 in
897 2510 1040 2586 Argolide
1062 2515 1093 2570 et
1108 2511 1242 2570 Laconia
1260 2531 1329 2570 con·

245 2613 393 2701 stitisseut
407 2618 498 2692 atque
516 2633 582 2672 oum
598 2614 776 2674 Heraclidae
791 2614 940 2674 redissent
953 2614 986 2672 in
1003 2613 1255 2689 Peloponnesum,
1277 2634 1329 2674 ex·

244 2714 324 2792 pulsi
346 2715 380 2774 iu
403 2715 521 2774 Ioniam
542 2715 592 2777 vel
615 2717 760 2776 Achaiam
784 2721 814 2776 et
835 2715 967 2776 Atticam
990 2715 1205 2790 confugissent,
1237 2735 1329 2796 quare

244 2837 347 2876 eorum
366 2837 461 2876 sermo
486 2837 553 2877 cum
574 2823 676 2879 vetere
700 2824 731 2878 et
745 2821 853 2878 Ionum
868 2817 1090 2892 Aeginiensium
1113 2823 1144 2877 ct
1160 2818 1329 2884 Atticorum

242 2919 354 2994 lingna,
376 2920 457 2980 inter
471 2939 544 2998 quas
556 2919 716 2980 varietates
730 2941 792 2981 non
804 2921 952 2995 distinxit,
973 2920 1060 2982 valde
1070 2920 1229 2998 permistus
1241 2925 1328 2994 esset,

242 3041 368 3100 pergens
382 3022 481 3102 „quod
492 3023 599 3082 Aeolcs
616 3022 692 3100 (scil.
704 3022 831 3098 Achaei)
847 3023 1047 3095 incohassent,
1069 3024 1159 3082 Iones
1174 3022 1226 3101 qui
1239 3029 1328 3082 anta

243 3125 351 3184 Aeoles
372 3124 405 3184 in
420 3124 495 3184 Asia
510 3125 727 3198 consedissent,
757 3125 882 3184 ulterius
903 3125 1076 3202 provexisse
1092 3129 1127 3183 ut
1143 3124 1248 3184 Ionica
1264 3124 1326 3182 dia-

241 3227 336 3286 lectus
349 3259 392 3273 -·-
407 3226 493 3287 brevi
512 3226 637 3286 'exculta
651 3225 803 3286 Aeolicam
817 3226 948 3287 vicinam
966 3226 999 3302 (i.
1015 3245 1040 3286 e.
1059 3225 1235 3303 Asiaticam)
1256 3231 1325 3302 post

243 3349 275 3387 se
290 3328 475 3407 relinqueret
487 3323 663 3391 intervello'’
680 3348 708 3404 p.
721 3333 792 3387 400.
805 3333 877 3386 401.
889 3333 960 3388 404.
1003 3327 1112 3406 Itaque
1126 3327 1163 3386 de
1179 3326 1242 3386 eius
1258 3347 1325 3386 sen-

243 3431 339 3492 tentia
362 3431 526 3490 Asiaticam
551 3431 707 3492 Aeolidem
734 3431 773 3490 ab
797 3431 985 3490 Achaeorum
1008 3428 1160 3490 Aeolismo
1187 3429 1325 3502 migratio

241 3553 303 3596 uon
319 3533 448 3594 mutavit
464 3553 561 3614 neque
577 3535 661 3594 vario
685 3533 783 3597 colore
798 3531 913 3593 infecit.
954 3533 1020 3591 Iam
1038 3550 1127 3610 quam
1144 3533 1267 3592 confusa
1285 3532 1326 3591 sit

242 3635 390 3714 expositio
414 3639 445 3695 et
468 3641 613 3716 quantum
634 3635 774 3697 Aeolicas
797 3634 917 3697 dialecti
940 3634 1070 3696 nominis
1093 3636 1201 3696 abusus
1225 3634 1325 3695 valeat

240 3737 391 3808 cidamum
420 3757 519 3816 neque
538 3738 637 3797 minus
657 3757 733 3818 quae
756 3739 792 3798 de
812 3736 971 3798 Aeolismis
993 3736 1162 3798 Homericis
1183 3736 1324 3796 disseruit

241 3861 269 3916 p.
286 3845 358 3901 405.
374 3840 446 3900 407.
461 3840 556 3914 XVL,
580 3859 654 3918 quas
667 3840 828 3901 varietates
843 3839 986 3920 loquendi
1000 3841 1038 3900 ab
1054 3838 1121 3898 aliia
1137 3839 1173 3898 ad
1191 3839 1323 3900 diversas

242 3941 382 4001 dialectos
401 3943 510 4002 relatas
533 3963 614 4016 „non
636 3942 721 4022 quasi
743 3963 781 4004 ex
796 3943 922 4006 diuersis
938 3941 1064 4018 linguis,
1095 3941 1147 4004 sed
1163 3961 1201 4004 ex
1217 3941 1321 4008 incon·
1413 3951 1421 3973 ‘

242 4044 352 4104 stantia
378 4044 498 4120 linguae
522 4051 554 4106 et
578 4044 771 4107 dialectomm
799 4039 993 4120 cognatione”
1015 4048 1151 4123 repetere
1175 4043 1320 4118 uoluerat,

308 4244 352 4310 33)
369 4247 425 4294 Vid.
442 4261 527 4294 comm.
546 4248 576 4294 de
590 4248 724 4316 'Hellenist
741 4264 766 4310 p.
777 4253 835 4298 412.
853 4252 912 4298 417.
928 4249 988 4297 433.
1006 4251 1066 4296 428.
1082 4248 1141 4296 438.

308 4329 351 4395 33)
367 4331 559 4380 Dissertationcs
576 4332 703 4393 Viteberg.
721 4349 760 4394 ap.
778 4335 875 4382 Febris.
893 4334 936 4380 VL
952 4348 978 4392 p.
991 4335 1040 4381 les
1059 4332 1182 4380 lauduna:
1208 4331 1255 4383 Oh.
1273 4333 1318 4380 Th.

243 4417 397 4465 Schwartuiic
415 4417 536 4466 decausis
548 4417 714 4477 dialectcrum,
731 4419 858 4479 speciatim
868 4417 1017 4466 Graecarum
1029 4419 1061 4478 (a.
1075 4417 1152 4478 1702)
1164 4421 1189 4465 et
1200 4419 1218 4464 1.
1229 4419 1249 4465 I.
1259 4417 1318 4466 Fer-

239 4504 305 4551 heri:
323 4504 482 4566 ,suspiciones
498 4502 763 4552 historico-technlcac
780 4505 811 4552 de
828 4505 938 4552 dimactis
955 4502 1056 4550 Graecis
1077 4517 1108 4550 ex
1124 4503 1319 4552 consideratione

239 4589 358 4648 originum
375 4589 595 4650 mIgrationumque
607 4587 757 4638 Graecarum
774 4591 900 4638 nationum
916 4587 1041 4637 collectae’
1058 4589 1091 4649 (a.
1106 4589 1181 4649 1709)
1198 4589 1318 4650 inspicare

238 4688 285 4721 non
303 4675 379 4721 licuit.
