3126 5256
808 487 869 552 100

296 649 427 706 13133313
448 663 509 704 333
531 645 595 706 3133
617 645 695 704 iusta
716 661 804 704 33333
824 662 914 722 quam
940 640 1103 702 oonoedent
1129 656 1255 718 quornm
1276 655 1383 696 sanum

296 751 342 832 est
361 745 503 806 iu'dioium
516 746 676 822 relegavit3
698 763 796 824 neque
818 745 975 825 quisquam
989 763 1049 804 non
1063 742 1147 804 videt
1163 741 1382 820 inconsequen-

296 849 368 908 tiam
389 848 459 908 inde
481 847 626 924 originem
646 845 773 908 traxisse
796 846 875 926 quod
897 851 999 906 auotor
1016 878 1058 904 —.
1080 848 1170 924 atque
1184 842 1382 903 imitationem

296 950 498 1031 antiquiorum
518 949 647 1025 partium
668 947 840 1008 Homeridis
869 947 958 1008 etiam
979 945 1133 1006 Hartelius
1153 967 1182 1024 p.
1199 950 1261 1004 436
1283 943 1382 1006 vindi-

297 1070 365 1113 oare
385 1050 506 1110 minime
528 1049 688 1111 noluit-
709 1070 826 1112 versum
848 1049 887 1108 A.
906 1054 976 1109 599.
998 1037 1141 1124 ἄσβεστος
1158 1039 1184 1106 δ’
1202 1037 1248 1125 ἄρ’
1270 1041 1379 1124 ἐνῶρτο

296 1148 380 1232 piton
396 1144 559 1229 μακάρεσσι
580 1155 697 1212 θεοῖσιν
711 1171 799 1233 quem
813 1157 910 1214 totum
923 1151 1050 1212 inseruit
1070 1153 1104 1210 θ.
1119 1155 1190 1209 326.
1207 1153 1269 1208 343
1284 1154 1381 1208 13333-

294 1253 437 1314 formavit
457 1255 727 1336 vooabulorumque
750 1251 860 1334 ἐνῶρτο
882 1247 966 1333 pilon
993 1252 1228 1314 oonlooationem
1255 1249 1381 1310 mutavit

296 1355 331 1414 in
360 1351 444 1436 γέλος
476 1341 553 1436 ὦρτ’.
608 1357 692 1422 Quae
722 1357 839 1418 oonlsta
867 1357 947 1416 inter
977 1374 1009 1415 se
1041 1360 1072 1414 et
1102 1353 1250 1430 pensitata
1283 1351 1381 1411 omnia

295 1476 396 1518 rerum
427 1465 576 1522 momenta
606 1437 818 1537 pedetemptim
847 1475 895 1516 ms
922 1457 955 1516 in
984 1455 1154 1534 opinionem
1184 1456 1380 1525 deduxerunt,

296 1578 357 1640 qua
385 1564 417 1621 o.
435 1565 506 1622 343.
523 1567 594 1622 344.
624 1563 677 1623 ubi
701 1561 873 1620 Bekkerum
894 1558 1067 1619 minutiores
1092 1557 1273 1618 ratiunculas
1298 1561 1379 1616 3333-

296 1665 361 1722 tum
388 1662 522 1738 subrepit
548 1664 680 1723 taedium
700 1660 872 1721 mutationis
899 1660 1195 1736 Aeolioamvformam
1216 1678 1277 1718 non
1294 1657 1380 1717 modo

296 1763 384 1824 metri
406 1782 495 1824 eausa
514 1764 610 1840 primo
642 1765 782 1840 adspectu
809 1761 914 1823 violati
935 1782 954 1820 a
974 1761 1103 1821 librariis
1131 1761 1299 1837 expulsam,
1329 1761 1382 1818 sed

295 1865 333 1924 ab
356 1863 506 1926 oblivione
529 1863 734 1926 vindioandam
762 1868 793 1924 31
819 1864 852 1923 13
879 1869 966 1924 textu
993 1864 1193 1941 reponendam
1220 1881 1284 1922 3333
1311 1881 1381 1921 oon-

295 1967 396 2028 tando.
439 1968 518 2044 Ergo
541 1967 721 2028 Buttmanno
744 1972 775 2025 31
795 1966 943 2026 Absensio
966 1966 1197 2043 3131133133-
1224 1965 1382 2024 Praeterea

296 2070 444 2130 adnotabo
467 2070 583 2132 dativos
605 2073 636 2131 31
657 2065 716 2151 ἔρῳ
739 2083 764 2126 ο.
781 2072 853 2129 212.
875 2069 958 2129 33133
980 2067 1085 2128 ultima
1101 2067 1134 2126 in
1157 2065 1216 2126 arsi
1242 2071 1287 2126 est
1308 2063 1381 2149 γέλῳ

261 2253 263 2258 Ι
297 2176 410 2234 o.100.
440 2193 494 2249 pro
523 2171 695 2250 pyrrhiohio
718 2175 749 2231 et
774 2162 850 2253 γήρᾳ
872 2173 897 2228 1.
917 2176 986 2230 136.
1008 2175 1131 2244 13283.
1160 2188 1214 2245 pro
1241 2170 1380 2229 troohaeo

298 2273 405 2350 (Beklr.
436 2265 526 2352 γήραι
547 2273 636 2333 Dind.
666 2264 743 2355 γήρᾳ
771 2278 802 2334 31
823 2263 924 2352 γήρα’,·
958 2273 1030 2332 31133
1058 2263 1149 2349 γήραϊ
1176 2271 1310 2350 dactylus
1335 2277 1382 2332 331

298 2373 332 2432 Γ.
352 2377 421 2432 150.
445 2375 482 2432 E.
501 2378 570 2433 153.
594 2375 631 2431 Κ.
649 2375 698 2434 79.
720 2376 756 2432 Σ.
774 2379 846 2433 434.
873 2375 988 2432 Reae.
1016 2374 1139 2432 ι11614.
1161 2371 1249 2448 β.16.
1273 2377 1379 2434 3357.

297 2495 331 2532 ω.
349 2479 420 2533 232.
442 2480 531 2554 atque
550 2471 642 2534 δέπαϊ
660 2480 836 2551 anapaestus
861 2476 986 2534 ζ11196.
1010 2496 1035 2553 γ.
1051 2479 1100 2534 41.
1124 2497 1150 2533 κ.
1168 2480 1239 2535 316.
1263 2495 1290 2535 ο.
1310 2481 1380 2536 149.

298 2593 324 2636 ο.
343 2581 411 2636 121.
435 2597 462 2635 υ.
481 2582 566 2651 261,
588 2596 735 2657 nusquam
756 2575 881 2652 legimus
903 2571 992 2659 δέπᾳ)
1015 2569 1080 2658 ἥρῳ
1103 2577 1143 2634 Η.
1162 2582 1233 2636 453.
1257 2581 1289 2636 θ.
1308 2582 1380 2638 433.
1479 2573 1483 2582 ’

297 2699 360 2740 333
381 2678 440 2740 3131
467 2679 500 2738 13
525 2679 720 2739 deterioribus
746 2678 882 2755 partibus
904 2680 1077 2750 obourrere;
1109 2681 1145 2738 de
1168 2676 1242 2760 ἱδρῷ
1262 2679 1381 2740 33113.

298 2801 388 2860 supra
407 2780 427 2840 l.
451 2781 543 2842 Reate
564 2781 657 2857 igitur
677 2781 832 2842 Bekkerus
853 2783 886 2840 in
909 2801 986 2841 oens.
1001 2781 1091 2842 Wolf.
1106 2782 1194 2841 Hom.
1216 2807 1261 2832 =
1282 2783 1381 2841 sohed.

298 2879 390 2944 Hom.
404 2885 429 2944 Ι.
452 2903 480 2960 p.
498 2887 547 2942 43.
568 2883 637 2943 illos
659 2884 860 2961 metaplastioo
881 2885 980 2958 fiotos,
1008 2888 1088 2944 33313
1110 2885 1200 2944 etiam
1227 2884 1282 2942 hos
1303 2884 1381 2944 Her·

298 3005 424 3046 mannus
445 2987 482 3045 de
504 3005 559 3046 ern.
582 2989 637 3046 331.
659 3006 688 3063 p.
706 2991 745 3046 38
775 2989 976 3048 eontraotione
1006 2992 1086 3047 ortos
1113 2985 1270 3059 iudioavit;
1298 3006 1380 3060 „non

300 3087 379 3146 enim
400 3087 458 3147 1313
472 3088 634 3149 3331333113
656 3088 878 3166 antiquissimae
892 3085 973 3147 illius
988 3089 1094 3150 3313113
1109 3094 1169 3162 est,
1190 3088 1237 3148 oui
1252 3089 1382 3148 maxima

300 3205 368 3264 pars
382 3183 485 3248 Iliadis
507 3188 550 3267 (et
566 3189 726 3267 Odysseae)
750 3190 894 3265 assignari
909 3192 1025 3250 debet“.
1069 3191 1127 3250 Sed
1141 3211 1203 3250 non
1217 3189 1381 3250 Ameisium

300 3291 393 3366 probo
415 3296 538 3367 proptor
559 3291 673 3352 dativos
702 3311 776 3371 quos
801 3297 967 3352 eontraotos
989 3311 1028 3350 ex
1050 3288 1145 3367 douo-s
1174 3288 1283 3370 γέλω-ι
1304 3293 1382 3354 dixit

299 3391 386 3451 binas
415 3393 521 3469 stirpes
553 3389 630 3471 dpu-
660 3389 755 3471 dput-
786 3398 841 3454 eto.
879 3413 994 3471 ponens
1022 3395 1205 3471 metaplasmi
1235 3396 1382 3456 rationem
1442 3465 1444 3470 ,

262 3507 264 3514 ’
300 3493 389 3571 plane
410 3494 602 3566 abicientem;
639 3491 712 3578 γέλῳ
738 3514 792 3571 pro
815 3502 894 3556 oerto
916 3495 1066 3556 Aeolismo
1089 3497 1194 3560 habuit
1214 3497 1380 3574 Rumpfins.

187 3675 188 3680 η
300 3597 383 3664 Quae
405 3597 432 3658 si
451 3601 532 3678 reete
554 3597 703 3673 disputata
724 3601 794 3656 sunt
819 3598 954 3674 vulgaria
976 3595 1051 3677 ἔρως
1072 3605 1103 3658 31
1124 3594 1214 3678 γέλως
1234 3600 1272 3658 ab
1296 3599 1381 3676 epioa

299 3701 402 3778 lingua
417 3699 514 3760 aliena
534 3699 656 3760 fuerunt
674 3719 742 3758 oum
756 3699 878 3760 Aeoliae
893 3697 960 3780 ἔρος
976 3706 1007 3762 31
1023 3697 1105 3781 γέλος
1119 3705 1288 3762 constanter
1308 3702 1380 3762 3311-

300 3807 451 3864 narentur.

386 3905 419 3982 3)
440 3904 560 3985 Loquar
580 3923 660 3963 nuno
684 3905 720 3964 de
740 3907 934 3969 substantivis
955 3909 986 3968 31
1009 3905 1162 3969 3113311313
1185 3925 1260 3987 quae
1278 3909 1381 3967 333133

300 4007 453 4083 vulgatum
464 4026 554 4087 ¹usum
568 4006 682 4083 syllaba
702 4012 787 4068 33313
807 4009 840 4068 13
860 4011 1019 4070 secundam
1036 4009 1263 4070 declinationem
1283 4015 1381 4070 trans·

299 4109 358 4168 isse
387 4108 541 4169 dicuntur:
577 4099 711 4182 φύλακος
733 4103 899 4187 (φυλάκους
920 4111 961 4170 a.
978 4105 1038 4171 166
1065 4111 1119 4171 311
1139 4111 1329 4170 Aristarchus
1350 4116 1381 4173 31

300 4208 489 4270 Herodianus
511 4215 664 4272 aooontum
684 4212 717 4272 in
737 4212 843 4273 ultima
863 4217 1040 4291 posuerunt,
1069 4216 1149 4272 oerte
1171 4211 1379 4274 1313311333

299 4328 360 4368 nou
376 4310 598 4388 intellegentes,
620 4315 767 4377 3133133.
786 4316 1006 4393 1313113296.
1029 4313 1152 4376 Larooh.
1174 4331 1204 4389 p.
1218 4313 1298 4389 376,
1320 4335 1379 4392 φο-
