3424 5386
951 438 994 504 50

429 615 484 672 pro
506 586 567 673 θήρ
590 594 666 654 dixit
680 594 809 667 Aeoliae,
832 592 883 654 nbi
905 594 941 653 de
963 599 1102 655 centauro
1125 613 1221 654 sermo
1242 597 1287 656 est
1312 595 1367 672 (v.
1391 595 1539 658 Peter
1572 597 1595 654 d

429 695 497 756 dial.
512 696 598 756 Pind.
619 717 649 774 p.
665 697 735 774 20);
767 695 819 756 sed
840 695 913 756 alias
934 696 987 756 ubi
1009 697 1046 758 de
1066 695 1172 758 bestiis
1193 696 1292 773 agitur
1317 701 1358 756 et
1388 696 1595 758 Homer-m

427 816 532 861 vocem
552 791 615 877 θὴρ
637 797 774 858 adhibuit
803 801 834 857 et
854 796 979 858 Alcman
1004 798 1037 858 in
1058 798 1094 860 ir.
1116 805 1164 872 60,
1188 805 1224 859 4:
1251 799 1360 877 θῆρες
1392 789 1595 882 ὀρεσκῷοι

427 901 581 981 ceteroqui
595 899 739 960 eiusmodi
754 898 970 960 Aeolismoram
992 903 1105 960 amator
1123 901 1173 978 (cf.
1190 897 1310 974 φοίνιος
1327 920 1401 977 pro
1422 900 1593 972 θοίναις

425 1004 565 1075 16.24,1
598 992 782 1074 πολύφωνος
809 1001 969 1078 eBergkii
999 1001 1167 1064 coniectura
1191 1003 1227 1062 ir.
1244 1007 1293 1075 84,
1313 1008 1357 1076 2,
1399 1005 1506 1064 Ahr.
1529 1007 1581 1064 Π.

426 1125 456 1182 p.
476 1109 525 1177 81,
548 1089 743 1163 (1666611666
765 1103 958 1164 dialectorum
978 1104 1057 1180 apud
1081 1103 1191 1182 lyricos
1212 1124 1241 1180 p.
1258 1101 1361 1184 6819).
1419 1106 1577 1166 Ahren-

426 1207 489 1266 sius
508 1224 580 1265 vero
596 1205 621 1265 1.
643 1224 673 1281 p.
688 1209 748 1264 219
771 1223 874 1266 vocem
889 1204 1087 1266 'lhessalioanr
1107 1207 1214 1268 habuit
1235 1205 1306 1285 quia
1321 1206 1503 1266 Centauri
1530 1209 1570 1266 in

426 1306 578 1368 Thessalia
597 1307 781 1381 habitabant,
802 1313 892 1388 atque
915 1307 1063 1368 Ameisius
1083 1327 1112 1384 p.
1132 1312 1171 1366 30
1193 1308 1309 1369 fabulae
1332 1308 1376 1368 de
1403 1308 1451 1368 iis
1482 1311 1562 1370 vul-

426 1415 509 1486 gatas
530 1408 711 1470 aThesselis
732 1410 769 1468 ad
784 1410 875 1470 Iones
897 1427 961 1468 esse
982 1413 1160 1485 propagatas
1183 1409 1306 1470 censuit.
1355 1409 1425 1470 Sed
1443 1411 1557 1472 Thes-

424 1512 560 1574 salismus
581 1532 642 1572 non
671 1511 766 1587 magis
788 1511 887 1588 placet
914 1530 1003 1590 quem
1025 1512 1206 1582 Aeolisrnus;
1236 1516 1316 1572 certe
1346 1519 1422 1574 erat
1454 1517 1550 1590 apud

424 1615 587 1676 Aeolenses
608 1631 728 1692 qnoque
756 1617 786 1670 et
806 1611 909 1670 fabula
930 1618 961 1672 et
981 1632 1055 1686 vox,
1083 1613 1127 1672 ita
1153 1618 1188 1674 ut
1215 1613 1251 1672 de
1278 1631 1314 1673 ea
1341 1634 1411 1672 non
1443 1615 1547 1677 aliter
1594 1649 1595 1656 .

424 1715 614 1775 iudicandum
642 1713 681 1774 sit
703 1731 792 1792 quam
815 1713 851 1772 de
872 1713 1010 1794 reliquis3
1040 1715 1076 1774 of.
1099 1714 1244 1792 Hesychii
1268 1715 1404 1790 glossam
1430 1718 1543 1794 φῆοες

425 1813 457 1876 oi
467 1811 634 1891 Κένταυροι
649 1810 808 1883 Αἶολικῶς,
826 1818 857 1874 et
872 1814 967 1892 φηρὶα
980 1816 1076 1895 θηρία
1091 1813 1209 1886 Αἰολεῖς
1215 1838 1225 1888 ;
1246 1838 1274 1878 v.
1292 1817 1469 1878 Herodian.
1485 1823 1535 1880 II.

423 1911 549 1999 ὄρθογρ.
564 1918 607 1977 Π.
628 1937 657 1994 p.
676 1921 746 1989 599,
764 1922 784 1975 2
807 1920 838 1976 et
856 1917 948 1978 schol.
964 1919 999 1978 L.
1021 1920 1058 1979 ad
1075 1920 1114 1978 A.
1133 1925 1205 1978 268.

509 2021 541 2099 2)
570 2019 641 2079 Pari
666 2020 754 2078 modo
782 2004 937 2094 legebatur
963 2042 990 2098 ρ.
1011 2026 1071 2082 221
1097 2018 1256 2094 aliperao,
1285 2041 1367 2082 nunc
1396 2023 1525 2098 vulgari

421 2126 514 2187 verbo
536 2120 677 2196 θλίψεται
702 2121 912 2196 oblitteratum,
941 2125 1020 2203 qnod
1043 2127 1073 2184 et
1093 2125 1172 2200 apud
1194 2123 1360 2184 Homerum
1381 2129 1414 2184 et
1435 2130 1522 2203 apud

421 2226 611 2287 Theocritum
636 2220 783 2300 (elideret
801 2229 847 2296 15,
867 2223 919 2300 76)
941 2224 1122 2300 1Ε6616111166
1142 2245 1172 2302 p.
1192 2229 1261 2299 101,
1282 2231 1331 2286 46.
1357 2228 1450 2302 1817,
1473 2235 1514 2290 33
1594 2269 1595 2298 ι

422 2329 471 2407 (cf.
490 2327 582 2387 schol.
603 2346 670 2386 enm
687 2325 861 2386 Buttmanni
884 2324 963 2402 adn.)
992 2327 1090 2403 planis
1115 2327 1215 2388 verbis
1243 2328 1323 2388 inter
1342 2330 1512 2392 Aeolismos
1594 2335 1595 2352 ¹

421 2428 533 2488 retulit.
583 2426 764 2487 scholiastae
793 2431 892 2486 autem
921 2428 1091 2489 testimonio
1122 2434 1259 2506 corrupto
1288 2449 1372 2506 opem
1400 2433 1509 2496 adtulit

421 2531 610 2589 Duentrerus
632 2529 667 2588 de
689 2528 796 2588 Zenod.
819 2528 894 2588 stud.
916 2529 1004 2590 Hom.
1026 2551 1055 2606 p.
1072 2536 1121 2604 60,
1145 2532 1192 2590 cui
1213 2537 1296 2610 reete*
1313 2533 1504 2610 adstipulatus

421 2635 468 2692 est
483 2629 664 2691 Schmidtius
684 2631 802 2708 Didyna
820 2651 848 2708 p.
864 2635 934 2690 209.
969 2630 1089 2694 Scilicet
1103 2633 1272 2694 Zenodotus
1293 2635 1426 2713 probavit
1441 2637 1501 2698 for·

421 2754 499 2796 mam
520 2732 673 2794 Aeolicam
700 2753 790 2814 quam
817 2734 943 2810 reperit,
973 2735 1162 2796 Aristarchus
1191 2735 1329 2796 nimirum
1355 2739 1497 2802 Atticismi

421 2839 570 2899 studiosus
592 2856 789 2918 praepropere
812 2856 877 2896 eam
899 2838 1067 2898 eliminasse
1090 2839 1243 2899 evidenter
1264 2839 1494 2915 deprehenditur;

422 2959 493 3001 sane
519 2944 647 3000 metrum
676 2940 891 3003 conformem
919 2940 1091 3018 postulavit.
1143 2939 1209 3004 Quo
1240 2959 1319 3000 nuno
1343 2940 1402 3001 iure
1427 2949 1492 3020 post

421 3041 564 3101 Wolfinm
583 3043 764 3102 recentiores
787 3061 851 3102 eam
873 3041 1076 3119 expunxerint
1103 3061 1164 3101 non
1185 3045 1270 3118 patet
1296 3041 1350 3102 nisi
1372 3062 1407 3102 ex
1424 3045 1487 3104 Ari-

421 3142 645 3202 starchomania.
675 3143 712 3219 (o.
732 3144 841 3202 Osann.
862 3145 919 3200 An.
945 3163 975 3219 p.
993 3147 1064 3202 286.
1100 3143 1244 3204 Ribbeck.
1268 3144 1302 3204 in
1325 3145 1399 3206 Iahn.
1422 3166 1481 3206 aun

422 3263 452 3302 v.
470 3248 519 3303 66.
542 3263 571 3318 p.
589 3243 650 3320 11).

509 3343 540 3422 8)
563 3345 672 3406 eontra
692 3361 809 3420 semper
822 3336 909 3402 etto
924 3345 1002 3422 apud
1018 3345 1182 3408 Homerum
1195 3355 1250 3423 est,
1272 3369 1389 3430 pro—quo
1404 3343 1477 3426 otto
1594 3343 1595 3416 l

421 3444 576 3505 Aeolicum
596 3445 688 3505 fuisse
707 3464 862 3524 perperam
878 3445 997 3522 Gregor.
1014 3447 1145 3510 Corinth.
1167 3451 1203 3512 de
1225 3452 1292 3511 dial.
1309 3453 1380 3514 Aeol.
1398 3451 1420 3530 ς.
1433 3460 1474 3514 41.

422 3569 451 3627 p.
469 3552 530 3608 614
554 3552 584 3608 et
605 3567 725 3624 gramm.
748 3549 930 3608 Mearmann.
948 3569 977 3626 p.
994 3554 1052 3608 641
1077 3556 1232 3626 testantur,
1260 3575 1323 3614 oum
1341 3561 1406 3618 esset
1423 3546 1474 3616 'Ar-

421 3642 516 3724 τικὸν,
539 3655 642 3710 contra
662 3651 741 3709 etto
761 3641 930 3726 Ἑλληνικόν
951 3651 991 3730 (v.
1009 3653 1125 3712 Moerin
1147 3674 1176 3731 p.
1194 3659 1264 3717 392.
1287 3657 1359 3718 Euat.
1374 3677 1398 3734 p.
1415 3663 1471 3719 102.

424 3759 516 3815 1039.
538 3754 668 3813 Lobeck.
684 3753 818 3812 Rhemat.
837 3774 866 3830 p.
883 3759 931 3812 30.
954 3756 1074 3816 Passer.
1093 3776 1115 3815 s.
1131 3778 1160 3816 v.
1179 3749 1293 3836 φλάω);
1314 3750 1384 3832 piola
1397 3761 1469 3820 etiam

422 3875 462 3916 ex
475 3857 660 3934 Hippocrate
675 3875 763 3936 quem
784 3875 859 3932 pura
872 3857 944 3918 Iade
965 3878 1051 3918 usum
1073 3877 1136 3919 esse
1157 3878 1254 3939 neque
1270 3859 1367 3920 alienas
1379 3863 1467 3922 formos

421 3959 605 4020 inmiscuisse
627 3962 742 4020 constat
764 3957 804 4034 (v.
824 3958 918 4020 (liene.
936 3981 965 4037 p.
983 3961 1056 4038 153)
1078 3961 1219 4022 adfertur.
1241 3996 1284 4007 -

508 4064 555 4122 Ad
582 4051 715 4139 ἄκμηνος
740 4064 831 4120 otreio
855 4063 886 4120 Γ.
908 4067 966 4122 163
989 4062 1073 4142 (297.
1095 4072 1164 4127 320.
1187 4065 1261 4143 346)
1291 4066 1463 4128 66161611-

422 4163 555 4241 scripsit:
576 4154 675 4240 ἆκμήν
696 4159 814 4234 Αἰολεῖς
833 4157 888 4241 τήν
910 4158 1036 4236 ἀσιτίαν,
1064 4169 1143 4247 quod
1165 4189 1225 4250 quo
1246 4168 1309 4228 iure
1327 4169 1414 4230 dietum
1430 4169 1462 4233 sit

421 4263 562 4341 indagare
589 4285 706 4346 nequeo
736 4285 774 4326 ne
803 4267 1001 4347 veriloquium
1031 4269 1150 4347 quidem
1179 4274 1341 4346 perpeetun
1365 4271 1459 4332 habens.
