3424 5386
895 412 938 476 46

372 561 494 644 {rixetur
506 567 539 626 iu
554 569 654 648 adesp.
668 545 770 648 liymn.
788 569 881 628 Anth.
897 568 961 630 Pal.
975 568 1033 628 IX.
1052 573 1121 642 524,
1139 570 1166 642 7,
1189 570 1323 647 {exprior
1339 571 1525 630 Theoar.

373 675 423 744 25,
441 676 468 744 6,
491 661 634 748 §exposce
651 671 755 748 Eurip.
771 671 836 729 Alc.
856 675 925 732 501.
947 671 1015 748 Iph.
1033 671 1120 731 Teur.
1140 676 1231 732 1111.
1255 675 1363 735 Aaou.
1386 674 1520 734 Rhea.

373 794 402 836 v.
418 774 487 832 370.
506 779 578 848 439,
601 767 764 846 ζάπλουτος
778 766 1021 851 (=ds‹inlovroc
1034 775 1122 833 1611.
1138 774 1210 848 407,
1227 772 1259 849 7)
1275 776 1356 834 Eur.
1378 777 1514 838 Andr.

372 897 402 938 v.
422 881 511 948 1282,
533 879 606 937 adeo
621 875 732 935 Herod.
748 876 773 933 I.
791 895 815 936 c.
828 881 868 934 32
886 875 937 952 (cf.
950 875 1057 936 Steinii
1071 876 1152 954 adu.)
1170 877 1221 956 qui
1236 896 1512 957 nonnumquam

372 984 527 1056 poetarum
547 997 652 1039 vocum
672 983 786 1037 ametor
800 978 1044 1055 deprehenditur,
1074 972 1207 1057 ζαφόρος
1228 971 1391 1058 ζαφεγγής
1417 981 1506 1039 He-

374 1083 471 1158 syoh.;
500 1082 574 1140 haec
596 1079 715 1159 quidem
744 1079 844 1139 omnia
864 1115 908 1126 -
933 1079 1101 1140 Lobeckius
1121 1080 1226 1159 parell.
1248 1101 1276 1158 p.
1297 1085 1366 1140 158
1395 1101 1501 1140 eom-

372 1202 491 1241 munem
508 1180 586 1242 dixit
600 1201 712 1244 morem
725 1182 779 1253 ζα·
795 1202 849 1260 pro
866 1179 934 1240 dio·
948 1184 1111 1261 usurpandi
1122 1215 1165 1228 ·-
1180 1184 1219 1241 ad
1230 1183 1495 1244 Homericorum

373 1285 536 1344 carminum
557 1285 753 1344 imitationem
775 1285 932 1345 referenda
952 1285 1002 1346 rel
1023 1286 1060 1344 ad
1078 1306 1180 1346 eorum
1198 1285 1375 1359 analogiam
1402 1306 1490 1345 con-

371 1388 499 1446 formata
525 1406 590 1445 esse
617 1386 754 1445 habenda
781 1387 919 1447 existimo
926 1408 934 1459 ;
962 1407 1024 1447 vox
1052 1393 1151 1448 umen
1182 1380 1307 1465 ζάκορος
1337 1407 1381 1448 ex
1406 1389 1486 1446 Me-

372 1490 480 1548 nandri
502 1489 651 1548 Leucadia
673 1487 721 1564 (cf.
741 1489 894 1561 Meineke,
917 1489 953 1549 fr.
970 1509 993 1548 o.
1013 1489 1047 1549 G.
1067 1510 1095 1551 v.
1113 1489 1167 1548 IV.
1184 1508 1213 1565 p.
1234 1493 1293 1549 160
1312 1490 1364 1549 ed.
1384 1491 1480 1568 mai.)

372 1597 505 1664 servata,
534 1592 572 1650 ad
595 1610 683 1669 quam
704 1591 736 1649 in
757 1591 792 1650 E.
809 1594 851 1651 M.
871 1612 899 1668 p.
916 1592 986 1664 407,
1005 1597 1045 1650 28
1072 1585 1215 1660 Ἀττικῶς
1234 1587 1286 1650 καὶ
1308 1589 1479 1662 Alcimede

372 1693 554 1770 adscriptum
576 1698 635 1766 est,
658 1692 684 1752 si
705 1697 786 1752 recte
807 1695 848 1752 Μ.
871 1693 1051 1754 Schmidtius
1072 1694 1104 1753 in
1126 1692 1242 1752 Kahnii
1262 1713 1332 1752 ann.
1357 1716 1389 1756 v.
1408 1695 1471 1753 IX.

372 1815 400 1872 p.
417 1797 477 1854 367
501 1787 638 1874 §cripere
656 1793 750 1853 dvala
770 1786 949 1875 Ἀφροδίτης
961 1822 1006 1846 =
1020 1787 1172 1874 διακόρειο
1195 1815 1233 1854 ex
1249 1795 1408 1874 Hesychio
1429 1796 1469 1854 ed

371 1899 528 1976 Cypricam
543 1898 701 1958 dialectum
714 1897 838 1972 remisit,
853 1900 980 1957 fortasse
994 1897 1096 1957 eadem
1112 1897 1171 1956 fuit
1185 1897 1319 1974 cyprico.
1354 1899 1469 1978 Neque

370 2002 496 2062 multum
517 2001 687 2060 nominibus
708 1999 838 2078 propriis
860 2020 921 2059 non
942 2000 1094 2061 Lesbiacis
1119 1991 1270 2068 Ζάλευκος
1291 2005 1322 2059 et
1341 1992 1464 2058 Ζάκυν-

369 2107 428 2174 θος
456 2104 534 2185 quod
562 2103 680 2162 Curtius
712 2123 741 2180 p.
764 2107 823 2161 564
852 2102 974 2162 Aeolios
1002 2122 1057 2180 pro
1080 2094 1259 2170 Δοᾶοονθος
1286 2101 1370 2182 (roll
1397 2122 1461 2163 von

373 2200 562 2282 Biirenldeu’)
584 2203 714 2280 positum
738 2224 801 2263 eese
823 2204 1029 2281 suspicabatur
1050 2204 1194 2274 efficitur3
1223 2203 1256 2262 in
1277 2206 1335 2264 hac
1356 2209 1460 2264 autem

373 2309 578 2368 enucleatione
605 2307 636 2364 id
666 2305 773 2365 mirum
796 2315 854 2380 est,
888 2307 967 2386 quod
993 2307 1017 2362 Z
1045 2306 1163 2365 initiale
1189 2305 1332 2383 simplicis
1361 2307 1457 2366 solum

372 2409 519 2468 sibilantis
547 2411 613 2470 vioe
633 2409 770 2482 fungstur
797 2427 895 2487 nsque
922 2428 1047 2489 usquam
1072 2409 1206 2469 vocalem
1232 2409 1454 2468 antecedentem

371 2512 510 2590 producit
531 2511 580 2587 (of.
596 2509 787 2587 Saguntum:
811 2511 844 2568 Β.
865 2516 935 2570 634.
952 2532 979 2570 ο.
999 2515 1070 2570 246.
1088 2532 1107 2572 ι.
1124 2515 1173 2571 24.
1190 2531 1221 2570 π.
1241 2515 1309 2570 123.
1328 2514 1363 2591 (τ.
1380 2513 1453 2592 131)

369 2634 401 2673 π.
415 2618 476 2675 250
494 2613 545 2692 (of.
558 2612 665 2672 Christ.
681 2632 711 2688 p.
725 2612 774 2671 87.
793 2617 861 2672 146.
877 2613 994 2673 Hartel.
1009 2635 1037 2691 p.
1051 2617 1112 2672 410
1124 2601 1196 2694 sq.);¹
1218 2615 1351 2676 vocalem
1363 2616 1450 2674 etiam

297 2770 299 2775 s
370 2717 523 2777 Aeolicam
546 2735 566 2773 υ
586 2734 640 2791 pro
663 2737 682 2773 α
704 2715 771 2774 sine
789 2715 868 2776 iusta
890 2735 978 2775 causa
1005 2716 1038 2774 in
1059 2735 1133 2777 voce
1153 2709 1310 2792 Ὄλυμπος
1335 2717 1447 2796 (lupa)

375 2839 438 2879 esse
460 2817 557 2879 voluit
578 2823 617 2876 et.
638 2839 667 2895 p.
685 2823 763 2892 250,
786 2819 865 2899 quod
886 2819 1004 2879 notarit
1024 2818 1177 2878 Hirzelius
1198 2839 1227 2896 p.
1250 2823 1286 2877 13
1304 2825 1363 2879 not.

457 2921 530 2981 (lum
556 2941 611 2998 pro
640 2923 694 2991 ζα·
721 2921 769 2980 bis
797 2922 828 2979 in
855 2921 1023 2980 Homericis
1052 2921 1232 2980 carminibus
1259 2921 1372 2996 legatur
1395 2920 1447 2980 de-⁴

371 3024 403 3082 in
427 3016 549 3090 δάσκιος
575 3022 608 3081 O.
624 3024 695 3081 273.
716 3041 738 3083 ε.
755 3023 817 3081 470
840 3024 919 3102 quod
935 3029 1060 3097 veteres,
1082 3023 1164 3083 velut
1180 3023 1301 3100 Trypho
1324 3023 1361 3100 (u
1375 3026 1443 3084 Ahr.

373 3127 400 3184 I.
422 3145 451 3202 p.
469 3124 551 3202 107),
573 3125 728 3184 Aeolicum
742 3129 866 3202 propter
885 3127 1041 3203 probatam
1055 3144 1207 3202 syncopen
1233 3126 1262 3201 (e
1283 3119 1441 3205 δοσύοκιος)

373 3249 436 3288 esso
459 3228 674 3306 opinabantur,
704 3230 794 3305 atque
821 3227 855 3285 in
884 3220 1029 3300 δαφοινός
1051 3228 1085 3286 Β.
1104 3232 1175 3285 308.
1199 3227 1236 3286 Κ.
1252 3233 1302 3288 23.
1323 3231 1359 3288 Λ.
1375 3231 1438 3289 474.

371 3321 531 3404 deposceris
554 3330 589 3386 Σ.
609 3334 668 3387 538
694 3348 769 3408 quae
790 3331 956 3408 Aeschylus
978 3351 1017 3388 ex
1034 3321 1194 3388 Homerico
1216 3331 1312 3389 studio
1333 3331 1439 3392 admisit

369 3432 402 3490 in
416 3434 498 3492 Pers.
517 3435 588 3490 316.
611 3433 755 3502 Ροοω.
771 3436 860 3505 1022,
881 3437 962 3492 recte
979 3431 1173 3490 dialectomm
1187 3431 1342 3492 discrimen
1355 3433 1435 3492 inter-

371 3535 475 3596 cedere
493 3533 640 3593 statuitur.
686 3534 773 3600 Quod
789 3554 859 3595 vero
877 3535 988 3596 Ameis.
1004 3554 1033 3611 p.
1048 3538 1087 3592 30
1103 3533 1142 3591 ad
1157 3554 1220 3592 rem
1235 3534 1433 3595 inlustrandam

370 3638 512 3698 Boeotica
532 3628 611 3705 Δεύς
633 3629 725 3714 dvyo'v
748 3637 873 3696 contulit
894 3637 1004 3716 quippe
1025 3640 1107 3695 ratus
1129 3635 1181 3694 illa
1202 3638 1239 3695 sb
1261 3636 1309 3695 bis
1329 3637 1361 3696 sd
1378 3657 1431 3697 car-

368 3740 450 3798 mina
478 3738 582 3798 Ionica
608 3743 772 3815 propagata
797 3759 877 3812 esse,
910 3737 1012 3797 dubito
1042 3759 1113 3796 num
1140 3744 1210 3814 apta
1239 3740 1275 3798 ds
1304 3759 1381 3799 occsa
1403 3741 1430 3798 id

368 3842 509 3912 voluerit;
542 3846 659 3918 poterat
690 3861 760 3900 sane
789 3842 880 3900 etiem
907 3842 1040 3899 Lacones
1068 3841 1184 3899 adferre
1215 3840 1427 3920 (Ahr.11.95);

367 3944 535 4003 Abrensius
552 3944 669 4024 quidem
685 3944 749 4021 ipse
765 3942 804 4002 doc
821 3944 899 4022 quod
913 3939 1063 4012 Αἰολικοῖς
1080 3961 1097 4000 e
1113 3943 1146 4014 ζα
1158 3942 1304 4021 repetitur
1316 3944 1345 4001 in
1353 3945 1380 4003 E.
1391 3945 1425 4002 Μ.

369 4051 439 4118 248,
460 4046 507 4121 17,
530 4047 567 4105 ad
577 4047 747 4107 Boeoticem
761 4043 919 4105 dialectum
933 4045 1036 4105 retulit
1049 4067 1078 4124 p.
1094 4045 1163 4105 175.
1178 4067 1207 4104 u.
1222 4051 1249 4104 1.
1280 4045 1334 4104 Sed
1345 4051 1425 4124 potest

367 4147 488 4208 Aeolios
505 4149 620 4228 spirans
634 4151 744 4211 extrita
758 4168 831 4220 esse,
854 4147 879 4205 si
897 4147 1030 4208 Curtium
1045 4169 1073 4226 p.
1089 4153 1146 4207 581
1163 4147 1349 4208 Homericum
1362 4143 1423 4208 icio

417 4255 488 4309 213.
510 4251 627 4311 oens.
651 4253 687 4312 Σ.
701 4257 770 4310 359.
792 4249 886 4309 um.
909 4268 930 4308 ε.
951 4254 1018 4308 154.
1043 4271 1061 4308 t.
1082 4251 1274 4309 1841260.
1296 4247 1318 4319 ξ.
1333 4255 1420 4311 mm.
