<?xml version="1.0" encoding="UTF-8"?>
<!DOCTYPE html PUBLIC "-//W3C//DTD XHTML 1.0 Transitional//EN"
    "http://www.w3.org/TR/xhtml1/DTD/xhtml1-transitional.dtd">
<html xmlns="http://www.w3.org/1999/xhtml" xml:lang="en" lang="en">
 <head>
  <title>
</title>
<meta http-equiv="Content-Type" content="text/html;charset=utf-8" />
  <meta name='ocr-system' content='tesseract 3.04.00' />
  <meta name='ocr-capabilities' content='ocr_page ocr_carea ocr_par ocr_line ocrx_word'/>
</head>
<body>
  <div class='ocr_page' id='page_1' title='image "./dehomericaeeloc00hinrgoog_0067.png"; bbox 0 0 3424 5386; ppageno 0'>
   <div class='ocr_carea' id='block_1_1' title="bbox 859 394 901 458">
    <p class='ocr_par' dir='ltr' id='par_1_1' title="bbox 859 394 901 458">
     <span class='ocr_line' id='line_1_1' title="bbox 859 394 901 458; baseline 0 0"><span class='ocrx_word' id='word_1_1' title='bbox 859 394 901 458; x_wconf 83' lang='lat'><strong>58</strong></span> 
     </span>
    </p>
   </div>
   <div class='ocr_carea' id='block_1_2' title="bbox 328 546 1451 2768">
    <p class='ocr_par' dir='ltr' id='par_1_2' title="bbox 332 546 1451 1648">
     <span class='ocr_line' id='line_1_2' title="bbox 337 546 1451 630; baseline 0.005 -26"><span class='ocrx_word' id='word_1_2' title='bbox 337 569 366 625; x_wconf 88' lang='lat' dir='ltr'><strong>p.</strong></span> <span class='ocrx_word' id='word_1_3' title='bbox 384 551 442 605; x_wconf 87' lang='grc'><strong>231</strong></span> <span class='ocrx_word' id='word_1_4' title='bbox 469 547 513 627; x_wconf 62' lang='grc' dir='ltr'><strong>με</strong></span> <span class='ocrx_word' id='word_1_5' title='bbox 534 549 619 608; x_wconf 89' lang='lat' dir='ltr'><strong>hiatu</strong></span> <span class='ocrx_word' id='word_1_6' title='bbox 640 551 719 626; x_wconf 84' lang='lat' dir='ltr'><strong>cpud</strong></span> <span class='ocrx_word' id='word_1_7' title='bbox 739 549 885 626; x_wconf 74' lang='lat' dir='ltr'><strong>elegiacos</strong></span> <span class='ocrx_word' id='word_1_8' title='bbox 907 549 1084 610; x_wconf 84' lang='lat' dir='ltr'><strong>Graecorum</strong></span> <span class='ocrx_word' id='word_1_9' title='bbox 1105 554 1209 626; x_wconf 87' lang='lat' dir='ltr'><strong>poetas</strong></span> <span class='ocrx_word' id='word_1_10' title='bbox 1230 546 1451 630; x_wconf 84' lang='lat' dir='ltr'><strong>antiquiores&#39;</strong></span> 
     </span>
     <span class='ocr_line' id='line_1_3' title="bbox 337 650 1445 728; baseline 0.003 -21"><span class='ocrx_word' id='word_1_11' title='bbox 337 650 490 724; x_wconf 83' lang='lat' dir='ltr'><strong>disputans</strong></span> <span class='ocrx_word' id='word_1_12' title='bbox 517 650 564 710; x_wconf 87' lang='lat' dir='ltr'><strong>his</strong></span> <span class='ocrx_word' id='word_1_13' title='bbox 585 652 685 712; x_wconf 88' lang='lat' dir='ltr'><strong>verbis</strong></span> <span class='ocrx_word' id='word_1_14' title='bbox 713 651 747 709; x_wconf 90' lang='lat' dir='ltr'><strong>in</strong></span> <span class='ocrx_word' id='word_1_15' title='bbox 767 651 897 710; x_wconf 87' lang='lat' dir='ltr'><strong>medium</strong></span> <span class='ocrx_word' id='word_1_16' title='bbox 919 652 1045 728; x_wconf 88' lang='lat' dir='ltr'><strong>protulit</strong></span> <span class='ocrx_word' id='word_1_17' title='bbox 1071 653 1109 710; x_wconf 90' lang='lat' dir='ltr'><strong>ad</strong></span> <span class='ocrx_word' id='word_1_18' title='bbox 1130 650 1292 727; x_wconf 76' lang='lat' dir='ltr'><strong>Theognid.</strong></span> <span class='ocrx_word' id='word_1_19' title='bbox 1314 671 1344 712; x_wconf 89' lang='lat' dir='ltr'><strong>v.</strong></span> <span class='ocrx_word' id='word_1_20' title='bbox 1362 657 1445 710; x_wconf 88' lang='grc'><strong>960</strong></span> 
     </span>
     <span class='ocr_line' id='line_1_4' title="bbox 338 751 1443 835; baseline 0.002 -25"><span class='ocrx_word' id='word_1_21' title='bbox 338 752 386 828; x_wconf 90' lang='lat' dir='ltr'><strong>(de</strong></span> <span class='ocrx_word' id='word_1_22' title='bbox 408 771 467 832; x_wconf 87' lang='lat' dir='ltr'><strong>quo</strong></span> <span class='ocrx_word' id='word_1_23' title='bbox 488 752 599 814; x_wconf 85' lang='lat' dir='ltr'><strong>videsis</strong></span> <span class='ocrx_word' id='word_1_24' title='bbox 620 756 792 813; x_wconf 83' lang='lat' dir='ltr'><strong>Rennerum</strong></span> <span class='ocrx_word' id='word_1_25' title='bbox 813 751 935 813; x_wconf 58' lang='lat' dir='ltr'><strong>studi</strong></span> <span class='ocrx_word' id='word_1_26' title='bbox 955 759 982 812; x_wconf 84' lang='lat'><strong>2.</strong></span> <span class='ocrx_word' id='word_1_27' title='bbox 1004 771 1034 831; x_wconf 89' lang='lat' dir='ltr'><strong>p.</strong></span> <span class='ocrx_word' id='word_1_28' title='bbox 1051 754 1119 832; x_wconf 74' lang='grc'><strong>52);</strong></span> <span class='ocrx_word' id='word_1_29' title='bbox 1150 754 1236 835; x_wconf 79' lang='grc' dir='ltr'><em>μμιιᾱ</em></span> <span class='ocrx_word' id='word_1_30' title='bbox 1257 754 1443 814; x_wconf 85' lang='lat' dir='ltr'><strong>Homerum</strong></span> 
     </span>
     <span class='ocr_line' id='line_1_5' title="bbox 336 845 1442 932; baseline 0.005 -21"><span class='ocrx_word' id='word_1_31' title='bbox 336 853 455 932; x_wconf 88' lang='lat' dir='ltr'><strong>quidem</strong></span> <span class='ocrx_word' id='word_1_32' title='bbox 479 851 569 929; x_wconf 78' lang='grc' dir='ltr'><em>ἔμμεν</em></span> <span class='ocrx_word' id='word_1_33' title='bbox 591 855 742 928; x_wconf 77' lang='lat' dir='ltr'>scribitur,</span> <span class='ocrx_word' id='word_1_34' title='bbox 772 874 834 914; x_wconf 89' lang='lat' dir='ltr'><strong>nou</strong></span> <span class='ocrx_word' id='word_1_35' title='bbox 855 845 943 931; x_wconf 76' lang='grc' dir='ltr'><em>εἶμεν.</em></span> <span class='ocrx_word' id='word_1_36' title='bbox 987 859 1029 916; x_wconf 88' lang='lat' dir='ltr'><strong>At</strong></span> <span class='ocrx_word' id='word_1_37' title='bbox 1050 852 1155 932; x_wconf 68' lang='lat' dir='ltr'><strong>Upper,</strong></span> <span class='ocrx_word' id='word_1_38' title='bbox 1184 873 1249 914; x_wconf 89' lang='lat' dir='ltr'><strong>cum</strong></span> <span class='ocrx_word' id='word_1_39' title='bbox 1272 856 1442 932; x_wconf 75' lang='lat' dir='ltr'><strong>geminata</strong></span> 
     </span>
     <span class='ocr_line' id='line_1_6' title="bbox 333 954 1439 1034; baseline 0.003 -20"><span class='ocrx_word' id='word_1_40' title='bbox 333 955 436 1016; x_wconf 81' lang='lat' dir='ltr'><strong>littera</strong></span> <span class='ocrx_word' id='word_1_41' title='bbox 450 977 471 1033; x_wconf 80' lang='grc' dir='ltr'><em>μ</em></span> <span class='ocrx_word' id='word_1_42' title='bbox 486 957 638 1017; x_wconf 76' lang='lat' dir='ltr'><strong>Aeolicam</strong></span> <span class='ocrx_word' id='word_1_43' title='bbox 662 955 818 1016; x_wconf 82' lang='lat' dir='ltr'><strong>dialectum</strong></span> <span class='ocrx_word' id='word_1_44' title='bbox 840 975 911 1034; x_wconf 86' lang='lat' dir='ltr'><strong>prae</strong></span> <span class='ocrx_word' id='word_1_45' title='bbox 933 978 965 1018; x_wconf 90' lang='lat' dir='ltr'><strong>se</strong></span> <span class='ocrx_word' id='word_1_46' title='bbox 978 954 1064 1031; x_wconf 75' lang='lat' dir='ltr'><strong>ierat,</strong></span> <span class='ocrx_word' id='word_1_47' title='bbox 1085 956 1280 1016; x_wconf 89' lang='lat' dir='ltr'><strong>nihilomiuus</strong></span> <span class='ocrx_word' id='word_1_48' title='bbox 1293 975 1356 1016; x_wconf 91' lang='lat' dir='ltr'><strong>non</strong></span> <span class='ocrx_word' id='word_1_49' title='bbox 1381 963 1439 1017; x_wconf 88' lang='lat' dir='ltr'><strong>est</strong></span> 
     </span>
     <span class='ocr_line' id='line_1_7' title="bbox 334 1056 1436 1140; baseline 0 -23"><span class='ocrx_word' id='word_1_50' title='bbox 334 1059 505 1130; x_wconf 82' lang='lat' dir='ltr'><strong>Aeolicum3</strong></span> <span class='ocrx_word' id='word_1_51' title='bbox 528 1077 597 1116; x_wconf 89' lang='lat' dir='ltr'><strong>uam</strong></span> <span class='ocrx_word' id='word_1_52' title='bbox 611 1057 721 1118; x_wconf 75' lang='lat' dir='ltr'><strong>deoles</strong></span> <span class='ocrx_word' id='word_1_53' title='bbox 737 1056 881 1119; x_wconf 84' lang='lat' dir='ltr'><strong>infinitivi</strong></span> <span class='ocrx_word' id='word_1_54' title='bbox 901 1059 1110 1120; x_wconf 73' lang='lat' dir='ltr'><strong>terminatione</strong></span> <span class='ocrx_word' id='word_1_55' title='bbox 1124 1078 1191 1135; x_wconf 88' lang='grc' dir='ltr'><em>-μεν</em></span> <span class='ocrx_word' id='word_1_56' title='bbox 1209 1075 1359 1140; x_wconf 84' lang='lat' dir='ltr'><strong>nusquam</strong></span> <span class='ocrx_word' id='word_1_57' title='bbox 1375 1059 1436 1118; x_wconf 83' lang='lat' dir='ltr'><strong>usi</strong></span> 
     </span>
     <span class='ocr_line' id='line_1_8' title="bbox 334 1151 1434 1238; baseline 0 -18"><span class='ocrx_word' id='word_1_58' title='bbox 334 1167 412 1220; x_wconf 82' lang='lat' dir='ltr'><strong>sunt</strong></span> <span class='ocrx_word' id='word_1_59' title='bbox 457 1159 557 1223; x_wconf 78' lang='lat' dir='ltr'><strong>Quare</strong></span> <span class='ocrx_word' id='word_1_60' title='bbox 576 1159 675 1237; x_wconf 90' lang='lat' dir='ltr'><strong>ipsum</strong></span> <span class='ocrx_word' id='word_1_61' title='bbox 689 1160 854 1220; x_wconf 87' lang='lat' dir='ltr'><strong>Homerum</strong></span> <span class='ocrx_word' id='word_1_62' title='bbox 876 1151 955 1236; x_wconf 76' lang='grc' dir='ltr'><em>ιῖμεν</em></span> <span class='ocrx_word' id='word_1_63' title='bbox 971 1163 1177 1238; x_wconf 75' lang='lat' dir='ltr'><strong>pronuntiasse</strong></span> <span class='ocrx_word' id='word_1_64' title='bbox 1193 1161 1340 1222; x_wconf 86' lang='lat' dir='ltr'><strong>existimo.</strong></span> <span class='ocrx_word' id='word_1_65' title='bbox 1388 1163 1434 1220; x_wconf 91' lang='lat' dir='ltr'><strong>In</strong></span> 
     </span>
     <span class='ocr_line' id='line_1_9' title="bbox 333 1261 1432 1343; baseline 0.002 -21"><span class='ocrx_word' id='word_1_66' title='bbox 333 1261 548 1343; x_wconf 79' lang='lat' dir='ltr'><strong>antiquissimis</strong></span> <span class='ocrx_word' id='word_1_67' title='bbox 569 1267 668 1323; x_wconf 85' lang='lat' dir='ltr'><strong>eutem</strong></span> <span class='ocrx_word' id='word_1_68' title='bbox 688 1263 774 1323; x_wconf 87' lang='lat' dir='ltr'><strong>libris</strong></span> <span class='ocrx_word' id='word_1_69' title='bbox 794 1264 893 1324; x_wconf 82' lang='lat' dir='ltr'><strong>fueret</strong></span> <span class='ocrx_word' id='word_1_70' title='bbox 914 1263 1061 1334; x_wconf 79' lang='grc' dir='ltr'><em>ΕΜΕΝ,</em></span> <span class='ocrx_word' id='word_1_71' title='bbox 1092 1264 1171 1341; x_wconf 88' lang='lat' dir='ltr'><strong>quod</strong></span> <span class='ocrx_word' id='word_1_72' title='bbox 1192 1267 1320 1342; x_wconf 88' lang='lat' dir='ltr'><strong>utroque</strong></span> <span class='ocrx_word' id='word_1_73' title='bbox 1340 1263 1432 1324; x_wconf 86' lang='lat' dir='ltr'><strong>trahi</strong></span> 
     </span>
     <span class='ocr_line' id='line_1_10' title="bbox 332 1361 1431 1446; baseline 0 -21"><span class='ocrx_word' id='word_1_74' title='bbox 332 1361 467 1442; x_wconf 80' lang='lat' dir='ltr'><strong>poterut’.</strong></span> <span class='ocrx_word' id='word_1_75' title='bbox 511 1363 579 1424; x_wconf 88' lang='lat' dir='ltr'><strong>Hoc</strong></span> <span class='ocrx_word' id='word_1_76' title='bbox 601 1366 720 1446; x_wconf 91' lang='lat' dir='ltr'><strong>quidem</strong></span> <span class='ocrx_word' id='word_1_77' title='bbox 740 1365 884 1424; x_wconf 89' lang='lat' dir='ltr'><strong>iudicium</strong></span> <span class='ocrx_word' id='word_1_78' title='bbox 906 1366 931 1424; x_wconf 85' lang='lat' dir='ltr'><strong>si</strong></span> <span class='ocrx_word' id='word_1_79' title='bbox 952 1365 1117 1442; x_wconf 85' lang='lat' dir='ltr'><strong>sequimur,</strong></span> <span class='ocrx_word' id='word_1_80' title='bbox 1140 1382 1211 1424; x_wconf 88' lang='lat' dir='ltr'><strong>sane</strong></span> <span class='ocrx_word' id='word_1_81' title='bbox 1232 1383 1353 1426; x_wconf 87' lang='lat' dir='ltr'><strong>necesse</strong></span> <span class='ocrx_word' id='word_1_82' title='bbox 1379 1369 1431 1425; x_wconf 87' lang='lat' dir='ltr'><strong>est</strong></span> 
     </span>
     <span class='ocr_line' id='line_1_11' title="bbox 333 1463 1430 1546; baseline 0.001 -21"><span class='ocrx_word' id='word_1_83' title='bbox 333 1468 413 1526; x_wconf 90' lang='lat' dir='ltr'><strong>idem</strong></span> <span class='ocrx_word' id='word_1_84' title='bbox 436 1468 472 1526; x_wconf 91' lang='lat' dir='ltr'><strong>de</strong></span> <span class='ocrx_word' id='word_1_85' title='bbox 494 1463 615 1542; x_wconf 71' lang='lat' dir='ltr'><strong>lippescit</strong></span> <span class='ocrx_word' id='word_1_86' title='bbox 636 1468 735 1528; x_wconf 79' lang='lat' dir='ltr'><strong>valeat</strong></span> <span class='ocrx_word' id='word_1_87' title='bbox 751 1473 841 1546; x_wconf 84' lang='lat' dir='ltr'><strong>atque</strong></span> <span class='ocrx_word' id='word_1_88' title='bbox 864 1464 975 1541; x_wconf 78' lang='grc' dir='ltr'><em>εἴμεναι</em></span> <span class='ocrx_word' id='word_1_89' title='bbox 995 1467 1185 1526; x_wconf 89' lang='lat' dir='ltr'><strong>restituamus</strong></span> <span class='ocrx_word' id='word_1_90' title='bbox 1207 1468 1319 1546; x_wconf 89' lang='lat' dir='ltr'><strong>quippe</strong></span> <span class='ocrx_word' id='word_1_91' title='bbox 1332 1467 1430 1526; x_wconf 85' lang='lat' dir='ltr'><strong>Dori·</strong></span> 
     </span>
     <span class='ocr_line' id='line_1_12' title="bbox 333 1568 1429 1648; baseline 0.002 -20"><span class='ocrx_word' id='word_1_92' title='bbox 333 1585 400 1628; x_wconf 88' lang='lat' dir='ltr'><strong>oum</strong></span> <span class='ocrx_word' id='word_1_93' title='bbox 427 1569 467 1647; x_wconf 89' lang='lat' dir='ltr'><strong>(v.</strong></span> <span class='ocrx_word' id='word_1_94' title='bbox 485 1569 558 1628; x_wconf 79' lang='lat' dir='ltr'><strong>Ahr.</strong></span> <span class='ocrx_word' id='word_1_95' title='bbox 572 1569 613 1629; x_wconf 90' lang='lat' dir='ltr'><strong>H.</strong></span> <span class='ocrx_word' id='word_1_96' title='bbox 634 1589 663 1645; x_wconf 92' lang='lat' dir='ltr'><strong>p.</strong></span> <span class='ocrx_word' id='word_1_97' title='bbox 680 1568 763 1646; x_wconf 76' lang='grc'><strong>322).</strong></span> <span class='ocrx_word' id='word_1_98' title='bbox 807 1569 866 1626; x_wconf 80' lang='lat' dir='ltr'><strong>Sed</strong></span> <span class='ocrx_word' id='word_1_99' title='bbox 887 1569 979 1641; x_wconf 84' lang='lat' dir='ltr'><strong>unde,</strong></span> <span class='ocrx_word' id='word_1_100' title='bbox 1011 1586 1135 1648; x_wconf 90' lang='lat' dir='ltr'><strong>quaeso,</strong></span> <span class='ocrx_word' id='word_1_101' title='bbox 1165 1569 1279 1629; x_wconf 79' lang='lat' dir='ltr'><strong>formae</strong></span> <span class='ocrx_word' id='word_1_102' title='bbox 1300 1570 1429 1630; x_wconf 85' lang='lat' dir='ltr'><strong>Doridis</strong></span> 
     </span>
    </p>

    <p class='ocr_par' dir='ltr' id='par_1_3' title="bbox 332 1655 1425 1748">
     <span class='ocr_line' id='line_1_13' title="bbox 332 1655 1425 1748; baseline 0.001 -18"><span class='ocrx_word' id='word_1_103' title='bbox 332 1669 470 1747; x_wconf 81' lang='lat' dir='ltr'><strong>propriae</strong></span> <span class='ocrx_word' id='word_1_104' title='bbox 490 1673 523 1729; x_wconf 89' lang='lat' dir='ltr'><strong>in</strong></span> <span class='ocrx_word' id='word_1_105' title='bbox 545 1671 743 1730; x_wconf 79' lang='lat' dir='ltr'><strong>elocutionem</strong></span> <span class='ocrx_word' id='word_1_106' title='bbox 763 1655 932 1729; x_wconf 83' lang='lat' dir='ltr'><strong>lonicorum</strong></span> <span class='ocrx_word' id='word_1_107' title='bbox 955 1670 1117 1730; x_wconf 77' lang='lat' dir='ltr'><strong>carminum</strong></span> <span class='ocrx_word' id='word_1_108' title='bbox 1137 1669 1336 1748; x_wconf 87' lang='lat' dir='ltr'><strong>inrepserint?</strong></span> <span class='ocrx_word' id='word_1_109' title='bbox 1379 1673 1425 1744; x_wconf 75' lang='lat' dir='ltr'><strong>At</strong></span> 
     </span>
    </p>

    <p class='ocr_par' dir='ltr' id='par_1_4' title="bbox 331 1768 1423 1852">
     <span class='ocr_line' id='line_1_14' title="bbox 331 1768 1423 1852; baseline 0 -20"><span class='ocrx_word' id='word_1_110' title='bbox 331 1774 395 1849; x_wconf 90' lang='lat' dir='ltr'><strong>ipse</strong></span> <span class='ocrx_word' id='word_1_111' title='bbox 416 1771 582 1846; x_wconf 86' lang='lat' dir='ltr'><strong>longiorem</strong></span> <span class='ocrx_word' id='word_1_112' title='bbox 595 1771 720 1830; x_wconf 84' lang='lat' dir='ltr'><strong>formam</strong></span> <span class='ocrx_word' id='word_1_113' title='bbox 743 1768 855 1844; x_wconf 72' lang='grc' dir='ltr'><em>εἴμεναι</em></span> <span class='ocrx_word' id='word_1_114' title='bbox 875 1772 909 1830; x_wconf 92' lang='lat' dir='ltr'><strong>in</strong></span> <span class='ocrx_word' id='word_1_115' title='bbox 931 1771 1129 1848; x_wconf 79' lang='lat' dir='ltr'><strong>suspicionem</strong></span> <span class='ocrx_word' id='word_1_116' title='bbox 1142 1773 1270 1832; x_wconf 75' lang='lat' dir='ltr'><strong>vocavit.</strong></span> <span class='ocrx_word' id='word_1_117' title='bbox 1312 1770 1423 1852; x_wconf 87' lang='lat' dir='ltr'><strong>Itaque</strong></span> 
     </span>
    </p>

    <p class='ocr_par' dir='ltr' id='par_1_5' title="bbox 331 1872 1421 1952">
     <span class='ocr_line' id='line_1_15' title="bbox 331 1872 1421 1952; baseline 0.001 -18"><span class='ocrx_word' id='word_1_118' title='bbox 331 1895 398 1935; x_wconf 89' lang='lat' dir='ltr'><strong>cum</strong></span> <span class='ocrx_word' id='word_1_119' title='bbox 420 1880 501 1934; x_wconf 86' lang='lat' dir='ltr'><strong>certa</strong></span> <span class='ocrx_word' id='word_1_120' title='bbox 513 1877 688 1948; x_wconf 85' lang='lat' dir='ltr'><strong>argumenta</strong></span> <span class='ocrx_word' id='word_1_121' title='bbox 701 1872 790 1949; x_wconf 81' lang='lat' dir='ltr'><strong>plone</strong></span> <span class='ocrx_word' id='word_1_122' title='bbox 805 1874 909 1948; x_wconf 86' lang='lat' dir='ltr'><strong>desint,</strong></span> <span class='ocrx_word' id='word_1_123' title='bbox 933 1874 1103 1951; x_wconf 83' lang='lat' dir='ltr'><strong>opinionem</strong></span> <span class='ocrx_word' id='word_1_124' title='bbox 1119 1891 1223 1950; x_wconf 89' lang='lat' dir='ltr'><strong>parum</strong></span> <span class='ocrx_word' id='word_1_125' title='bbox 1238 1879 1316 1935; x_wconf 85' lang='lat' dir='ltr'><strong>stare</strong></span> <span class='ocrx_word' id='word_1_126' title='bbox 1332 1893 1421 1952; x_wconf 85' lang='lat' dir='ltr'><strong>posse</strong></span> 
     </span>
    </p>

    <p class='ocr_par' dir='ltr' id='par_1_6' title="bbox 331 1969 1185 2054">
     <span class='ocr_line' id='line_1_16' title="bbox 331 1969 1185 2054; baseline -0.004 -19"><span class='ocrx_word' id='word_1_127' title='bbox 331 1977 491 2054; x_wconf 80' lang='lat' dir='ltr'><strong>arbitratus</strong></span> <span class='ocrx_word' id='word_1_128' title='bbox 512 1975 679 2035; x_wconf 83' lang='lat' dir='ltr'><strong>Aeolismos</strong></span> <span class='ocrx_word' id='word_1_129' title='bbox 701 1975 836 2034; x_wconf 83' lang='lat' dir='ltr'><strong>defendo.</strong></span> <span class='ocrx_word' id='word_1_130' title='bbox 1180 1969 1185 1978; x_wconf 83' lang='grc'><strong>’</strong></span> 
     </span>
    </p>

    <p class='ocr_par' dir='ltr' id='par_1_7' title="bbox 328 2077 1419 2768">
     <span class='ocr_line' id='line_1_17' title="bbox 416 2077 1419 2159; baseline 0.001 -21"><span class='ocrx_word' id='word_1_131' title='bbox 416 2080 454 2138; x_wconf 90' lang='lat' dir='ltr'><strong>In</strong></span> <span class='ocrx_word' id='word_1_132' title='bbox 475 2080 540 2138; x_wconf 88' lang='lat' dir='ltr'><strong>eius</strong></span> <span class='ocrx_word' id='word_1_133' title='bbox 555 2077 698 2137; x_wconf 87' lang='lat' dir='ltr'><strong>infinitivi</strong></span> <span class='ocrx_word' id='word_1_134' title='bbox 714 2078 878 2153; x_wconf 83' lang='lat' dir='ltr'><strong>analogiam</strong></span> <span class='ocrx_word' id='word_1_135' title='bbox 894 2079 973 2157; x_wconf 89' lang='lat' dir='ltr'><strong>quod</strong></span> <span class='ocrx_word' id='word_1_136' title='bbox 987 2084 1022 2139; x_wconf 88' lang='lat' dir='ltr'><strong>ut</strong></span> <span class='ocrx_word' id='word_1_137' title='bbox 1035 2079 1243 2140; x_wconf 88' lang='lat' dir='ltr'><strong>detrimentum</strong></span> <span class='ocrx_word' id='word_1_138' title='bbox 1260 2080 1338 2159; x_wconf 91' lang='lat' dir='ltr'><strong>quod</strong></span> <span class='ocrx_word' id='word_1_139' title='bbox 1354 2097 1419 2139; x_wconf 90' lang='lat' dir='ltr'><strong>esse</strong></span> 
     </span>
     <span class='ocr_line' id='line_1_18' title="bbox 330 2179 1417 2257; baseline -0.001 -16"><span class='ocrx_word' id='word_1_140' title='bbox 330 2180 486 2242; x_wconf 86' lang='lat' dir='ltr'><strong>videbatur</strong></span> <span class='ocrx_word' id='word_1_141' title='bbox 506 2179 916 2256; x_wconf 85' lang='lat' dir='ltr'><strong>temporis-reconcinnarent</strong></span> <span class='ocrx_word' id='word_1_142' title='bbox 936 2181 1145 2256; x_wconf 80' lang='lat' dir='ltr'><strong>geminatione,</strong></span> <span class='ocrx_word' id='word_1_143' title='bbox 1168 2181 1349 2257; x_wconf 87' lang='lat' dir='ltr'><strong>scripserunt</strong></span> <span class='ocrx_word' id='word_1_144' title='bbox 1371 2179 1417 2256; x_wconf 77' lang='lat' dir='ltr'><strong>l&#39;p-</strong></span> 
     </span>
     <span class='ocr_line' id='line_1_19' title="bbox 331 2280 1417 2358; baseline 0.004 -18"><span class='ocrx_word' id='word_1_145' title='bbox 331 2301 417 2358; x_wconf 84' lang='grc' dir='ltr'><em>μεναι</em></span> <span class='ocrx_word' id='word_1_146' title='bbox 441 2283 474 2339; x_wconf 83' lang='grc' dir='ltr'><strong>Τ.</strong></span> <span class='ocrx_word' id='word_1_147' title='bbox 491 2287 551 2339; x_wconf 87' lang='grc'><strong>365</strong></span> <span class='ocrx_word' id='word_1_148' title='bbox 575 2280 792 2357; x_wconf 79' lang='lat' dir='ltr'><strong>(Hermannum</strong></span> <span class='ocrx_word' id='word_1_149' title='bbox 806 2282 839 2340; x_wconf 90' lang='lat' dir='ltr'><strong>iu</strong></span> <span class='ocrx_word' id='word_1_150' title='bbox 857 2303 955 2358; x_wconf 81' lang='lat' dir='ltr'><strong>opusc</strong></span> <span class='ocrx_word' id='word_1_151' title='bbox 971 2285 995 2342; x_wconf 96' lang='grc' dir='ltr'><strong>Ι.</strong></span> <span class='ocrx_word' id='word_1_152' title='bbox 1018 2301 1047 2358; x_wconf 91' lang='lat' dir='ltr'><strong>p.</strong></span> <span class='ocrx_word' id='word_1_153' title='bbox 1062 2289 1123 2341; x_wconf 89' lang='grc'><strong>242</strong></span> <span class='ocrx_word' id='word_1_154' title='bbox 1145 2283 1238 2342; x_wconf 84' lang='lat' dir='ltr'><strong>secuti</strong></span> <span class='ocrx_word' id='word_1_155' title='bbox 1253 2284 1417 2358; x_wconf 84' lang='lat' dir='ltr'><strong>Bekkems,</strong></span> 
     </span>
     <span class='ocr_line' id='line_1_20' title="bbox 329 2376 1415 2466; baseline -0.002 -20"><span class='ocrx_word' id='word_1_156' title='bbox 329 2405 358 2446; x_wconf 90' lang='lat' dir='ltr'><strong>v.</strong></span> <span class='ocrx_word' id='word_1_157' title='bbox 378 2384 476 2443; x_wconf 86' lang='lat' dir='ltr'><strong>sched.</strong></span> <span class='ocrx_word' id='word_1_158' title='bbox 493 2383 582 2440; x_wconf 89' lang='lat' dir='ltr'><strong>Hom.</strong></span> <span class='ocrx_word' id='word_1_159' title='bbox 598 2383 623 2439; x_wconf 93' lang='grc' dir='ltr'><strong>Ι.</strong></span> <span class='ocrx_word' id='word_1_160' title='bbox 646 2403 676 2458; x_wconf 92' lang='lat' dir='ltr'><strong>p.</strong></span> <span class='ocrx_word' id='word_1_161' title='bbox 692 2389 731 2440; x_wconf 84' lang='lat'><strong>94</strong></span> <span class='ocrx_word' id='word_1_162' title='bbox 752 2389 783 2443; x_wconf 88' lang='lat' dir='ltr'><strong>et</strong></span> <span class='ocrx_word' id='word_1_163' title='bbox 796 2384 979 2462; x_wconf 88' lang='lat' dir='ltr'><strong>Dindorfius)</strong></span> <span class='ocrx_word' id='word_1_164' title='bbox 1003 2376 1130 2459; x_wconf 75' lang='grc' dir='ltr'><em>ἅμμεναι</em></span> <span class='ocrx_word' id='word_1_165' title='bbox 1154 2384 1191 2442; x_wconf 86' lang='grc' dir='ltr'><strong>Φ.</strong></span> <span class='ocrx_word' id='word_1_166' title='bbox 1207 2384 1255 2444; x_wconf 92' lang='grc'><strong>70.</strong></span> <span class='ocrx_word' id='word_1_167' title='bbox 1278 2379 1415 2466; x_wconf 77' lang='grc' dir='ltr'><em>ζευγνύμ·</em></span> 
     </span>
     <span class='ocr_line' id='line_1_21' title="bbox 331 2471 1411 2571; baseline 0.004 -27"><span class='ocrx_word' id='word_1_168' title='bbox 331 2503 384 2562; x_wconf 88' lang='grc' dir='ltr'><strong>μεν</strong></span> <span class='ocrx_word' id='word_1_169' title='bbox 407 2483 446 2541; x_wconf 89' lang='grc' dir='ltr'><strong>Π.</strong></span> <span class='ocrx_word' id='word_1_170' title='bbox 465 2471 526 2571; x_wconf 57' lang='grc'><strong>140</strong></span> <span class='ocrx_word' id='word_1_171' title='bbox 547 2482 587 2560; x_wconf 85' lang='lat' dir='ltr'><strong>(v.</strong></span> <span class='ocrx_word' id='word_1_172' title='bbox 606 2484 734 2544; x_wconf 75' lang='lat' dir='ltr'><strong>Beklser.</strong></span> <span class='ocrx_word' id='word_1_173' title='bbox 754 2505 782 2560; x_wconf 89' lang='lat' dir='ltr'><strong>p.</strong></span> <span class='ocrx_word' id='word_1_174' title='bbox 799 2489 848 2544; x_wconf 87' lang='lat'><strong>69.</strong></span> <span class='ocrx_word' id='word_1_175' title='bbox 883 2485 1053 2544; x_wconf 81' lang='lat' dir='ltr'><strong>Buttmann.</strong></span> <span class='ocrx_word' id='word_1_176' title='bbox 1076 2505 1119 2561; x_wconf 78' lang='lat' dir='ltr'><strong>gr.</strong></span> <span class='ocrx_word' id='word_1_177' title='bbox 1137 2487 1162 2546; x_wconf 95' lang='grc' dir='ltr'><strong>Ι.</strong></span> <span class='ocrx_word' id='word_1_178' title='bbox 1186 2484 1212 2564; x_wconf 66' lang='lat' dir='ltr'><strong>S.</strong></span> <span class='ocrx_word' id='word_1_179' title='bbox 1230 2488 1298 2547; x_wconf 93' lang='grc'><strong>107.</strong></span> <span class='ocrx_word' id='word_1_180' title='bbox 1321 2509 1350 2548; x_wconf 88' lang='lat' dir='ltr'><strong>n.</strong></span> <span class='ocrx_word' id='word_1_181' title='bbox 1364 2495 1411 2548; x_wconf 91' lang='grc'><strong>28.</strong></span> 
     </span>
     <span class='ocr_line' id='line_1_22' title="bbox 329 2585 1413 2668; baseline 0.006 -23"><span class='ocrx_word' id='word_1_182' title='bbox 329 2609 357 2666; x_wconf 88' lang='lat' dir='ltr'><strong>p.</strong></span> <span class='ocrx_word' id='word_1_183' title='bbox 372 2586 455 2664; x_wconf 82' lang='lat'>515),</span> <span class='ocrx_word' id='word_1_184' title='bbox 472 2585 677 2663; x_wconf 86' lang='lat' dir='ltr'><strong>etymologicis</strong></span> <span class='ocrx_word' id='word_1_185' title='bbox 689 2586 784 2645; x_wconf 87' lang='lat' dir='ltr'><strong>causis</strong></span> <span class='ocrx_word' id='word_1_186' title='bbox 798 2587 1016 2662; x_wconf 80' lang='lat' dir='ltr'><strong>inprobandum</strong></span> <span class='ocrx_word' id='word_1_187' title='bbox 1031 2592 1077 2647; x_wconf 89' lang='lat' dir='ltr'><strong>est</strong></span> <span class='ocrx_word' id='word_1_188' title='bbox 1090 2592 1179 2668; x_wconf 87' lang='lat' dir='ltr'><strong>atque</strong></span> <span class='ocrx_word' id='word_1_189' title='bbox 1193 2589 1253 2648; x_wconf 89' lang='lat' dir='ltr'><strong>iam</strong></span> <span class='ocrx_word' id='word_1_190' title='bbox 1264 2591 1413 2650; x_wconf 85' lang='lat' dir='ltr'><strong>Lobeckio</strong></span> 
     </span>
     <span class='ocr_line' id='line_1_23' title="bbox 328 2682 1412 2768; baseline 0.004 -19"><span class='ocrx_word' id='word_1_191' title='bbox 328 2689 451 2749; x_wconf 90' lang='lat' dir='ltr'><strong>minime</strong></span> <span class='ocrx_word' id='word_1_192' title='bbox 472 2687 626 2747; x_wconf 86' lang='lat' dir='ltr'><strong>adridebat</strong></span> <span class='ocrx_word' id='word_1_193' title='bbox 646 2687 678 2746; x_wconf 91' lang='lat' dir='ltr'><strong>in</strong></span> <span class='ocrx_word' id='word_1_194' title='bbox 700 2688 812 2764; x_wconf 86' lang='lat' dir='ltr'><strong>pathol.</strong></span> <span class='ocrx_word' id='word_1_195' title='bbox 835 2688 918 2746; x_wconf 87' lang='lat' dir='ltr'><strong>elem.</strong></span> <span class='ocrx_word' id='word_1_196' title='bbox 933 2691 958 2749; x_wconf 93' lang='grc' dir='ltr'><strong>Ι.</strong></span> <span class='ocrx_word' id='word_1_197' title='bbox 981 2710 1010 2767; x_wconf 89' lang='lat' dir='ltr'><strong>p.</strong></span> <span class='ocrx_word' id='word_1_198' title='bbox 1027 2696 1097 2750; x_wconf 88' lang='grc'><strong>268.</strong></span> <span class='ocrx_word' id='word_1_199' title='bbox 1138 2682 1265 2767; x_wconf 76' lang='lat' dir='ltr'><strong>”Apsum</strong></span> <span class='ocrx_word' id='word_1_200' title='bbox 1285 2693 1376 2768; x_wconf 81' lang='lat' dir='ltr'><strong>igitur</strong></span> <span class='ocrx_word' id='word_1_201' title='bbox 1395 2713 1412 2752; x_wconf 82' lang='lat' dir='ltr'>a</span> 
     </span>
    </p>
   </div>
   <div class='ocr_carea' id='block_1_3' title="bbox 227 2789 1412 2877">
    <p class='ocr_par' dir='ltr' id='par_1_8' title="bbox 227 2789 1412 2877">
     <span class='ocr_line' id='line_1_24' title="bbox 227 2789 1412 2877; baseline 0.001 -24"><span class='ocrx_word' id='word_1_202' title='bbox 227 2873 228 2877; x_wconf 6' lang='grc' dir='ltr'><strong>Ἰ</strong></span> <span class='ocrx_word' id='word_1_203' title='bbox 327 2795 422 2855; x_wconf 87' lang='lat' dir='ltr'><strong>verbo</strong></span> <span class='ocrx_word' id='word_1_204' title='bbox 444 2811 519 2870; x_wconf 86' lang='lat' dir='ltr'><strong>puro</strong></span> <span class='ocrx_word' id='word_1_205' title='bbox 542 2789 701 2865; x_wconf 81' lang='lat' dir='ltr'><strong>derivavit,</strong></span> <span class='ocrx_word' id='word_1_206' title='bbox 734 2811 800 2851; x_wconf 90' lang='lat' dir='ltr'><strong>cum</strong></span> <span class='ocrx_word' id='word_1_207' title='bbox 828 2791 917 2868; x_wconf 80' lang='lat' dir='ltr'><strong>alpha</strong></span> <span class='ocrx_word' id='word_1_208' title='bbox 942 2795 1119 2869; x_wconf 87' lang='lat' dir='ltr'><strong>productum</strong></span> <span class='ocrx_word' id='word_1_209' title='bbox 1140 2796 1350 2856; x_wconf 86' lang='lat' dir='ltr'><strong>contractionis</strong></span> <span class='ocrx_word' id='word_1_210' title='bbox 1369 2796 1412 2854; x_wconf 88' lang='lat' dir='ltr'><strong>iu·</strong></span> 
     </span>
    </p>
   </div>
   <div class='ocr_carea' id='block_1_4' title="bbox 326 2886 1412 4304">
    <p class='ocr_par' dir='ltr' id='par_1_9' title="bbox 326 2886 1412 4304">
     <span class='ocr_line' id='line_1_25' title="bbox 330 2886 1412 2976; baseline 0.002 -22"><span class='ocrx_word' id='word_1_211' title='bbox 330 2895 438 2955; x_wconf 87' lang='lat' dir='ltr'><strong>dicium</strong></span> <span class='ocrx_word' id='word_1_212' title='bbox 449 2896 612 2971; x_wconf 67' lang='lat' dir='ltr'><strong>praeberet,</strong></span> <span class='ocrx_word' id='word_1_213' title='bbox 627 2914 682 2971; x_wconf 89' lang='lat' dir='ltr'><strong>pro</strong></span> <span class='ocrx_word' id='word_1_214' title='bbox 697 2886 819 2971; x_wconf 78' lang='grc' dir='ltr'><em>αἷέμεναι</em></span> <span class='ocrx_word' id='word_1_215' title='bbox 831 2895 963 2976; x_wconf 87' lang='lat' dir='ltr'><strong>itemque</strong></span> <span class='ocrx_word' id='word_1_216' title='bbox 978 2895 1135 2974; x_wconf 79' lang='grc' dir='ltr'><em>ζευγνῦμεν</em></span> <span class='ocrx_word' id='word_1_217' title='bbox 1149 2898 1294 2974; x_wconf 86' lang='lat' dir='ltr'><strong>explicuit</strong></span> <span class='ocrx_word' id='word_1_218' title='bbox 1305 2898 1412 2976; x_wconf 87' lang='lat' dir='ltr'><strong>quippe</strong></span> 
     </span>
     <span class='ocr_line' id='line_1_26' title="bbox 329 2989 1409 3074; baseline 0.006 -21"><span class='ocrx_word' id='word_1_219' title='bbox 329 3015 347 3054; x_wconf 85' lang='lat' dir='ltr'><strong>a</strong></span> <span class='ocrx_word' id='word_1_220' title='bbox 368 2990 497 3074; x_wconf 72' lang='grc' dir='ltr'><em>ζευγνύειν</em></span> <span class='ocrx_word' id='word_1_221' title='bbox 520 2997 712 3069; x_wconf 69' lang='lat' dir='ltr'><strong>declinatum</strong></span> <span class='ocrx_word' id='word_1_222' title='bbox 735 3004 835 3058; x_wconf 87' lang='lat' dir='ltr'><strong>tamen</strong></span> <span class='ocrx_word' id='word_1_223' title='bbox 856 2999 967 3058; x_wconf 77' lang='lat' dir='ltr'><strong>formas</strong></span> <span class='ocrx_word' id='word_1_224' title='bbox 987 2998 1020 3056; x_wconf 88' lang='lat' dir='ltr'><strong>iu</strong></span> <span class='ocrx_word' id='word_1_225' title='bbox 1042 2989 1100 3055; x_wconf 78' lang='grc' dir='ltr'><strong>-ύω</strong></span> <span class='ocrx_word' id='word_1_226' title='bbox 1121 2998 1274 3059; x_wconf 79' lang='lat' dir='ltr'><strong>adiunctas</strong></span> <span class='ocrx_word' id='word_1_227' title='bbox 1295 3000 1332 3058; x_wconf 86' lang='lat' dir='ltr'><strong>ab</strong></span> <span class='ocrx_word' id='word_1_228' title='bbox 1352 3001 1409 3058; x_wconf 89' lang='lat' dir='ltr'><strong>Ho-</strong></span> 
     </span>
     <span class='ocr_line' id='line_1_27' title="bbox 329 3083 1410 3174; baseline 0.003 -16"><span class='ocrx_word' id='word_1_229' title='bbox 329 3099 440 3158; x_wconf 86' lang='lat' dir='ltr'><strong>merico</strong></span> <span class='ocrx_word' id='word_1_230' title='bbox 454 3117 512 3156; x_wconf 87' lang='lat' dir='ltr'><strong>usu</strong></span> <span class='ocrx_word' id='word_1_231' title='bbox 533 3103 563 3156; x_wconf 88' lang='lat' dir='ltr'><strong>et</strong></span> <span class='ocrx_word' id='word_1_232' title='bbox 577 3103 673 3158; x_wconf 81' lang='lat' dir='ltr'><strong>aetcte</strong></span> <span class='ocrx_word' id='word_1_233' title='bbox 688 3100 846 3159; x_wconf 84' lang='lat' dir='ltr'><strong>abhorrere</strong></span> <span class='ocrx_word' id='word_1_234' title='bbox 863 3099 978 3158; x_wconf 83' lang='lat' dir='ltr'><strong>Giesius</strong></span> <span class='ocrx_word' id='word_1_235' title='bbox 992 3105 1023 3174; x_wconf 83' lang='lat' dir='ltr'><strong>p.</strong></span> <span class='ocrx_word' id='word_1_236' title='bbox 1040 3102 1087 3171; x_wconf 88' lang='grc'><strong>10,</strong></span> <span class='ocrx_word' id='word_1_237' title='bbox 1109 3104 1168 3157; x_wconf 88' lang='grc'><strong>110</strong></span> <span class='ocrx_word' id='word_1_238' title='bbox 1189 3105 1270 3160; x_wconf 82' lang='lat' dir='ltr'><strong>recte</strong></span> <span class='ocrx_word' id='word_1_239' title='bbox 1287 3083 1410 3173; x_wconf 80' lang='lat' dir='ltr'><strong>monuit;</strong></span> 
     </span>
     <span class='ocr_line' id='line_1_28' title="bbox 328 3190 1409 3282; baseline 0.002 -21"><span class='ocrx_word' id='word_1_240' title='bbox 328 3190 449 3261; x_wconf 88' lang='lat' dir='ltr'><strong>brevem</strong></span> <span class='ocrx_word' id='word_1_241' title='bbox 464 3201 563 3256; x_wconf 77' lang='lat' dir='ltr'><strong>eutem</strong></span> <span class='ocrx_word' id='word_1_242' title='bbox 577 3199 709 3258; x_wconf 84' lang='lat' dir='ltr'><strong>vocalem</strong></span> <span class='ocrx_word' id='word_1_243' title='bbox 725 3221 744 3256; x_wconf 85' lang='grc' dir='ltr'><em>α</em></span> <span class='ocrx_word' id='word_1_244' title='bbox 767 3201 893 3275; x_wconf 81' lang='lat' dir='ltr'><strong>legimus</strong></span> <span class='ocrx_word' id='word_1_245' title='bbox 913 3191 1100 3278; x_wconf 73' lang='grc' dir='ltr'><em>ζευγνύμεναι</em></span> <span class='ocrx_word' id='word_1_246' title='bbox 1118 3201 1150 3257; x_wconf 90' lang='grc' dir='ltr'><strong>Γ.</strong></span> <span class='ocrx_word' id='word_1_247' title='bbox 1165 3206 1235 3261; x_wconf 89' lang='grc'><strong>260.</strong></span> <span class='ocrx_word' id='word_1_248' title='bbox 1257 3196 1409 3282; x_wconf 75' lang='grc' dir='ltr'><em>ζευγνύμεν</em></span> 
     </span>
     <span class='ocr_line' id='line_1_29' title="bbox 333 3299 1407 3386; baseline 0.004 -25"><span class='ocrx_word' id='word_1_249' title='bbox 333 3303 367 3362; x_wconf 93' lang='lat'><strong>0.</strong></span> <span class='ocrx_word' id='word_1_250' title='bbox 383 3306 454 3360; x_wconf 88' lang='grc'><strong>120.</strong></span> <span class='ocrx_word' id='word_1_251' title='bbox 497 3299 590 3358; x_wconf 88' lang='lat' dir='ltr'><strong>Vides</strong></span> <span class='ocrx_word' id='word_1_252' title='bbox 609 3299 701 3374; x_wconf 79' lang='lat' dir='ltr'><strong>igitur</strong></span> <span class='ocrx_word' id='word_1_253' title='bbox 715 3301 868 3376; x_wconf 84' lang='lat' dir='ltr'><strong>vulgarem</strong></span> <span class='ocrx_word' id='word_1_254' title='bbox 886 3304 917 3359; x_wconf 87' lang='lat' dir='ltr'><strong>ct</strong></span> <span class='ocrx_word' id='word_1_255' title='bbox 930 3301 1092 3376; x_wconf 85' lang='lat' dir='ltr'><strong>legitimam</strong></span> <span class='ocrx_word' id='word_1_256' title='bbox 1106 3302 1231 3362; x_wconf 84' lang='lat' dir='ltr'><strong>formam</strong></span> <span class='ocrx_word' id='word_1_257' title='bbox 1245 3305 1407 3386; x_wconf 86' lang='lat' dir='ltr'><strong>ubicunque</strong></span> 
     </span>
     <span class='ocr_line' id='line_1_30' title="bbox 326 3400 1405 3482; baseline 0.003 -18"><span class='ocrx_word' id='word_1_258' title='bbox 326 3403 422 3482; x_wconf 86' lang='lat' dir='ltr'><strong>possit</strong></span> <span class='ocrx_word' id='word_1_259' title='bbox 444 3400 593 3472; x_wconf 83' lang='lat' dir='ltr'><strong>adhiberi;</strong></span> <span class='ocrx_word' id='word_1_260' title='bbox 622 3401 673 3460; x_wconf 91' lang='lat' dir='ltr'><strong>hic</strong></span> <span class='ocrx_word' id='word_1_261' title='bbox 695 3406 795 3466; x_wconf 86' lang='lat' dir='ltr'><strong>tamen</strong></span> <span class='ocrx_word' id='word_1_262' title='bbox 816 3401 880 3460; x_wconf 90' lang='lat' dir='ltr'><strong>noli</strong></span> <span class='ocrx_word' id='word_1_263' title='bbox 907 3422 974 3462; x_wconf 89' lang='lat' dir='ltr'><strong>cum</strong></span> <span class='ocrx_word' id='word_1_264' title='bbox 995 3404 1164 3465; x_wconf 82' lang='lat' dir='ltr'><strong>Duentzero</strong></span> <span class='ocrx_word' id='word_1_265' title='bbox 1189 3404 1222 3464; x_wconf 89' lang='lat' dir='ltr'><strong>in</strong></span> <span class='ocrx_word' id='word_1_266' title='bbox 1239 3407 1323 3466; x_wconf 88' lang='lat' dir='ltr'><strong>lahu.</strong></span> <span class='ocrx_word' id='word_1_267' title='bbox 1345 3427 1405 3467; x_wconf 88' lang='lat' dir='ltr'><strong>ann.</strong></span> 
     </span>
     <span class='ocr_line' id='line_1_31' title="bbox 326 3503 1406 3583; baseline 0.006 -19"><span class='ocrx_word' id='word_1_268' title='bbox 326 3526 355 3568; x_wconf 87' lang='lat' dir='ltr'><strong>v.</strong></span> <span class='ocrx_word' id='word_1_269' title='bbox 368 3506 388 3564; x_wconf 85' lang='lat' dir='ltr'><strong>l.</strong></span> <span class='ocrx_word' id='word_1_270' title='bbox 404 3525 433 3582; x_wconf 88' lang='lat' dir='ltr'><strong>p.</strong></span> <span class='ocrx_word' id='word_1_271' title='bbox 447 3505 508 3563; x_wconf 85' lang='grc'><strong>370</strong></span> <span class='ocrx_word' id='word_1_272' title='bbox 531 3505 617 3566; x_wconf 88' lang='lat' dir='ltr'><strong>metri</strong></span> <span class='ocrx_word' id='word_1_273' title='bbox 633 3523 720 3563; x_wconf 85' lang='lat' dir='ltr'><strong>causa</strong></span> <span class='ocrx_word' id='word_1_274' title='bbox 733 3503 867 3563; x_wconf 88' lang='lat' dir='ltr'><strong>vocalem</strong></span> <span class='ocrx_word' id='word_1_275' title='bbox 882 3507 1056 3581; x_wconf 85' lang='lat' dir='ltr'><strong>productam</strong></span> <span class='ocrx_word' id='word_1_276' title='bbox 1072 3507 1251 3583; x_wconf 87' lang='lat' dir='ltr'><strong>existimare,</strong></span> <span class='ocrx_word' id='word_1_277' title='bbox 1273 3530 1339 3570; x_wconf 92' lang='lat' dir='ltr'><strong>cum</strong></span> <span class='ocrx_word' id='word_1_278' title='bbox 1355 3510 1406 3569; x_wconf 80' lang='lat' dir='ltr'><strong>elia</strong></span> 
     </span>
     <span class='ocr_line' id='line_1_32' title="bbox 327 3606 1404 3690; baseline 0.006 -23"><span class='ocrx_word' id='word_1_279' title='bbox 327 3609 416 3668; x_wconf 85' lang='lat' dir='ltr'><strong>etiam</strong></span> <span class='ocrx_word' id='word_1_280' title='bbox 438 3608 598 3686; x_wconf 84' lang='lat' dir='ltr'><strong>explicatio</strong></span> <span class='ocrx_word' id='word_1_281' title='bbox 620 3609 728 3684; x_wconf 86' lang='lat' dir='ltr'><strong>pateat.</strong></span> <span class='ocrx_word' id='word_1_282' title='bbox 771 3606 848 3666; x_wconf 86' lang='lat' dir='ltr'><strong>Nam</strong></span> <span class='ocrx_word' id='word_1_283' title='bbox 878 3609 915 3666; x_wconf 91' lang='lat' dir='ltr'><strong>ad</strong></span> <span class='ocrx_word' id='word_1_284' title='bbox 936 3609 1077 3669; x_wconf 86' lang='lat' dir='ltr'><strong>Aeolicae.</strong></span> <span class='ocrx_word' id='word_1_285' title='bbox 1103 3613 1192 3690; x_wconf 86' lang='lat' dir='ltr'><strong>quam</strong></span> <span class='ocrx_word' id='word_1_286' title='bbox 1213 3617 1322 3673; x_wconf 85' lang='lat' dir='ltr'><strong>vocant</strong></span> <span class='ocrx_word' id='word_1_287' title='bbox 1343 3629 1404 3672; x_wconf 89' lang='lat' dir='ltr'><strong>con·</strong></span> 
     </span>
     <span class='ocr_line' id='line_1_33' title="bbox 327 3701 1404 3793; baseline 0.005 -23"><span class='ocrx_word' id='word_1_288' title='bbox 327 3711 487 3787; x_wconf 83' lang='lat' dir='ltr'><strong>ingutionis</strong></span> <span class='ocrx_word' id='word_1_289' title='bbox 502 3711 621 3770; x_wconf 89' lang='lat' dir='ltr'><strong>modum</strong></span> <span class='ocrx_word' id='word_1_290' title='bbox 641 3707 780 3784; x_wconf 84' lang='lat' dir='ltr'><strong>pertinet,</strong></span> <span class='ocrx_word' id='word_1_291' title='bbox 802 3711 890 3769; x_wconf 92' lang='lat' dir='ltr'><strong>modo</strong></span> <span class='ocrx_word' id='word_1_292' title='bbox 905 3701 1074 3791; x_wconf 56' lang='grc' dir='ltr'><em>ζευγνύμεν</em></span> <span class='ocrx_word' id='word_1_293' title='bbox 1096 3714 1205 3773; x_wconf 80' lang='lat' dir='ltr'><strong>scribes</strong></span> <span class='ocrx_word' id='word_1_294' title='bbox 1222 3715 1301 3793; x_wconf 89' lang='lat' dir='ltr'><strong>quod</strong></span> <span class='ocrx_word' id='word_1_295' title='bbox 1316 3714 1404 3792; x_wconf 80' lang='lat' dir='ltr'><strong>Spitr·</strong></span> 
     </span>
     <span class='ocr_line' id='line_1_34' title="bbox 327 3811 1401 3892; baseline 0.005 -21"><span class='ocrx_word' id='word_1_296' title='bbox 327 3831 417 3873; x_wconf 81' lang='lat' dir='ltr'><strong>nesus</strong></span> <span class='ocrx_word' id='word_1_297' title='bbox 431 3813 571 3890; x_wconf 82' lang='lat' dir='ltr'><strong>probavit</strong></span> <span class='ocrx_word' id='word_1_298' title='bbox 581 3811 806 3891; x_wconf 74' lang='lat' dir='ltr'><strong>Ahreudusque</strong></span> <span class='ocrx_word' id='word_1_299' title='bbox 821 3812 855 3872; x_wconf 91' lang='lat' dir='ltr'><strong>in</strong></span> <span class='ocrx_word' id='word_1_300' title='bbox 869 3813 888 3892; x_wconf 91' lang='lat' dir='ltr'><strong>l.</strong></span> <span class='ocrx_word' id='word_1_301' title='bbox 904 3815 972 3874; x_wconf 89' lang='lat' dir='ltr'><strong>diss.</strong></span> <span class='ocrx_word' id='word_1_302' title='bbox 987 3835 1015 3892; x_wconf 90' lang='lat' dir='ltr'><strong>p.</strong></span> <span class='ocrx_word' id='word_1_303' title='bbox 1033 3819 1070 3874; x_wconf 91' lang='grc'><strong>10</strong></span> <span class='ocrx_word' id='word_1_304' title='bbox 1085 3816 1309 3890; x_wconf 80' lang='lat' dir='ltr'><strong>commendavit,</strong></span> <span class='ocrx_word' id='word_1_305' title='bbox 1331 3817 1401 3878; x_wconf 90' lang='lat' dir='ltr'><strong>simi-</strong></span> 
     </span>
     <span class='ocr_line' id='line_1_35' title="bbox 326 3905 1401 3996; baseline 0.006 -24"><span class='ocrx_word' id='word_1_306' title='bbox 326 3915 397 3974; x_wconf 87' lang='lat' dir='ltr'><strong>liter</strong></span> <span class='ocrx_word' id='word_1_307' title='bbox 417 3923 507 3996; x_wconf 84' lang='lat' dir='ltr'><strong>atquc</strong></span> <span class='ocrx_word' id='word_1_308' title='bbox 527 3905 676 3990; x_wconf 74' lang='grc' dir='ltr'><em>ἀρώμεναι</em></span> <span class='ocrx_word' id='word_1_309' title='bbox 696 3915 767 3975; x_wconf 91' lang='lat' dir='ltr'><strong>Hes.</strong></span> <span class='ocrx_word' id='word_1_310' title='bbox 788 3935 809 3974; x_wconf 85' lang='grc' dir='ltr'><strong>ε.</strong></span> <span class='ocrx_word' id='word_1_311' title='bbox 822 3921 873 3990; x_wconf 84' lang='grc'><strong>22,</strong></span> <span class='ocrx_word' id='word_1_312' title='bbox 895 3918 974 3996; x_wconf 89' lang='lat' dir='ltr'><strong>quod</strong></span> <span class='ocrx_word' id='word_1_313' title='bbox 988 3919 1157 3978; x_wconf 81' lang='lat' dir='ltr'><strong>Lnbcckius</strong></span> <span class='ocrx_word' id='word_1_314' title='bbox 1176 3919 1236 3976; x_wconf 92' lang='lat' dir='ltr'><strong>iam</strong></span> <span class='ocrx_word' id='word_1_315' title='bbox 1250 3920 1327 3977; x_wconf 86' lang='lat' dir='ltr'><strong>bene</strong></span> <span class='ocrx_word' id='word_1_316' title='bbox 1344 3938 1401 3978; x_wconf 84' lang='lat' dir='ltr'><strong>cun</strong></span> 
     </span>
     <span class='ocr_line' id='line_1_36' title="bbox 328 4008 1401 4100; baseline 0.002 -26"><span class='ocrx_word' id='word_1_317' title='bbox 328 4009 490 4092; x_wconf 66' lang='grc' dir='ltr'><em>φιλήμεναι</em></span> <span class='ocrx_word' id='word_1_318' title='bbox 511 4008 652 4096; x_wconf 77' lang='grc' dir='ltr'><em>γοήμεναι</em></span> <span class='ocrx_word' id='word_1_319' title='bbox 674 4019 739 4078; x_wconf 89' lang='lat' dir='ltr'><strong>aliis</strong></span> <span class='ocrx_word' id='word_1_320' title='bbox 761 4021 928 4082; x_wconf 87' lang='lat' dir='ltr'><strong>consentire</strong></span> <span class='ocrx_word' id='word_1_321' title='bbox 949 4021 1072 4094; x_wconf 83' lang='lat' dir='ltr'><strong>videret,</strong></span> <span class='ocrx_word' id='word_1_322' title='bbox 1094 4021 1159 4097; x_wconf 91' lang='lat' dir='ltr'><strong>ipse</strong></span> <span class='ocrx_word' id='word_1_323' title='bbox 1181 4020 1300 4100; x_wconf 89' lang='lat' dir='ltr'><strong>quidem</strong></span> <span class='ocrx_word' id='word_1_324' title='bbox 1321 4010 1401 4096; x_wconf 82' lang='grc' dir='ltr'><em>ιἰριύ-</em></span> 
     </span>
     <span class='ocr_line' id='line_1_37' title="bbox 328 4115 1398 4201; baseline 0 -24"><span class='ocrx_word' id='word_1_325' title='bbox 328 4137 413 4194; x_wconf 86' lang='grc' dir='ltr'><em>μεναι</em></span> <span class='ocrx_word' id='word_1_326' title='bbox 428 4123 609 4180; x_wconf 86' lang='lat' dir='ltr'><strong>contractum</strong></span> <span class='ocrx_word' id='word_1_327' title='bbox 624 4140 677 4197; x_wconf 89' lang='lat' dir='ltr'><strong>pro</strong></span> <span class='ocrx_word' id='word_1_328' title='bbox 692 4115 851 4201; x_wconf 79' lang='grc' dir='ltr'><em>ἆροέμεναι</em></span> <span class='ocrx_word' id='word_1_329' title='bbox 865 4125 1003 4201; x_wconf 84' lang='lat' dir='ltr'><strong>probans,</strong></span> <span class='ocrx_word' id='word_1_330' title='bbox 1027 4124 1062 4182; x_wconf 83' lang='lat' dir='ltr'><strong>ef.</strong></span> <span class='ocrx_word' id='word_1_331' title='bbox 1074 4123 1185 4182; x_wconf 86' lang='lat' dir='ltr'><strong>Buttm.</strong></span> <span class='ocrx_word' id='word_1_332' title='bbox 1202 4123 1244 4196; x_wconf 80' lang='lat' dir='ltr'><strong>gr&#39;.</strong></span> <span class='ocrx_word' id='word_1_333' title='bbox 1258 4124 1282 4180; x_wconf 91' lang='lat' dir='ltr'><strong>I.</strong></span> <span class='ocrx_word' id='word_1_334' title='bbox 1300 4121 1324 4198; x_wconf 71' lang='grc'><strong>5.</strong></span> <span class='ocrx_word' id='word_1_335' title='bbox 1340 4123 1398 4178; x_wconf 87' lang='grc'><strong>105.</strong></span> 
     </span>
     <span class='ocr_line' id='line_1_38' title="bbox 327 4217 1396 4304; baseline 0.004 -24"><span class='ocrx_word' id='word_1_336' title='bbox 327 4243 357 4289; x_wconf 73' lang='lat' dir='ltr'><strong>n.</strong></span> <span class='ocrx_word' id='word_1_337' title='bbox 377 4225 423 4281; x_wconf 88' lang='grc'><strong>15.</strong></span> <span class='ocrx_word' id='word_1_338' title='bbox 442 4241 471 4297; x_wconf 93' lang='lat' dir='ltr'><strong>p.</strong></span> <span class='ocrx_word' id='word_1_339' title='bbox 483 4227 559 4295; x_wconf 80' lang='lat'><strong>4893</strong></span> <span class='ocrx_word' id='word_1_340' title='bbox 579 4223 668 4298; x_wconf 90' lang='lat' dir='ltr'><strong>paulo</strong></span> <span class='ocrx_word' id='word_1_341' title='bbox 683 4225 770 4287; x_wconf 86' lang='lat' dir='ltr'><strong>aliter</strong></span> <span class='ocrx_word' id='word_1_342' title='bbox 783 4225 901 4286; x_wconf 79' lang='lat' dir='ltr'><strong>Curtius</strong></span> <span class='ocrx_word' id='word_1_343' title='bbox 917 4217 1080 4304; x_wconf 75' lang='lat' dir='ltr'><strong>oipodpsvcs</strong></span> <span class='ocrx_word' id='word_1_344' title='bbox 1093 4223 1126 4284; x_wconf 89' lang='lat' dir='ltr'><strong>in</strong></span> <span class='ocrx_word' id='word_1_345' title='bbox 1140 4222 1256 4282; x_wconf 86' lang='lat' dir='ltr'><strong>Kuhnii</strong></span> <span class='ocrx_word' id='word_1_346' title='bbox 1271 4241 1338 4283; x_wconf 90' lang='lat' dir='ltr'><strong>auu.</strong></span> <span class='ocrx_word' id='word_1_347' title='bbox 1350 4223 1396 4284; x_wconf 86' lang='lat' dir='ltr'><strong>III.</strong></span> 
     </span>
    </p>
   </div>
   <div class='ocr_carea' id='block_1_5' title="bbox 0 0 1716 5386">
    <p class='ocr_par' dir='ltr' id='par_1_10' title="bbox 0 0 1716 5386">
     <span class='ocr_line' id='line_1_39' title="bbox 0 0 1716 5386; baseline 0 4"><span class='ocrx_word' id='word_1_348' title='bbox 0 0 1716 5386; x_wconf 95' lang='lat' dir='ltr'><strong> </strong></span> 
     </span>
    </p>
   </div>
  </div>
 </body>
</html>
