3126 5256
818 417 861 484 30

296 567 420 642 optimo
445 601 482 610 —
510 589 571 630 non
594 577 692 630 temen
717 587 849 648 unquam
873 569 932 630 tuit
955 569 987 629 in
1010 571 1176 632 exsensu
1199 564 1322 643 semoto
1340 599 1386 614 -ν

296 683 352 743 ope
370 667 470 728 adfixi
485 669 523 744 jo
539 671 679 742 tenuem,
702 672 787 732 emus
803 671 921 748 spirens
936 672 986 732 vel
1008 671 1223 750 entiquien'mis
1241 671 1385 748 tempori·

296 769 352 828 bne
378 768 472 832 eineis
488 776 534 834 est
552 773 629 834 siout
644 772 676 832 in
694 773 794 834 verbis
810 772 1039 834 denominativis
1060 773 1110 834 vel
1123 773 1156 834 in
1172 773 1236 834 iota
1250 772 1387 832 emollita

295 870 328 932 in
355 872 495 934 universa
518 874 621 950 lingua
644 874 754 934 sensim
781 875 998 952 explodebetur
1023 874 1103 938 simo
1121 874 1154 935 in
1177 893 1257 936 nom.
1281 855 1382 951 propr.

295 962 432 1049 Ἑρμείας
442 980 472 1034 et
488 965 611 1052 Έρμέαρ
621 971 742 1046 Αἰνείας
755 973 905 1048 etAirier
917 977 966 1040 vel
977 975 1081 1038 edient
1095 968 1212 1052 κήλειος
1231 985 1262 1036 et
1277 967 1383 1051 sidroc

296 1068 416 1149 ssidrsoo
438 1085 470 1136 et
492 1070 599 1152 τήδτος
622 1076 689 1139 aliis
713 1080 760 1139 vel
782 1081 862 1155 vulg.
886 1070 931 1140 oiri
957 1097 1011 1156 pro
1028 1070 1154 1138 oiriioiv
1169 1097 1224 1154 pro
1243 1071 1323 1146 stov,
1352 1099 1381 1138 τ.

295 1176 401 1236 Christ.
416 1195 444 1252 p.
461 1179 516 1248 47;
539 1179 659 1242 minime
673 1201 745 1242 vero
765 1183 839 1244 noso
855 1180 1003 1260 correptio
1019 1178 1154 1242 nestun
1173 1179 1310 1243 oenoeilis
1327 1199 1381 1256 po·

296 1282 356 1338 test
374 1279 512 1340 ooeroeri.
556 1283 661 1363 Neque
677 1284 788 1346 venalis
804 1303 818 1342 ε
837 1283 933 1359 magis
948 1282 1049 1346 Ionios
1071 1287 1117 1344 ert
1130 1300 1220 1363 quum
1239 1303 1257 1340 α
1278 1301 1381 1361 quum·

259 1431 273 1457 ρ
296 1398 384 1459 quam
399 1380 431 1439 in
450 1382 521 1442 Inde
538 1385 649 1444 voeelis
666 1404 679 1444 ε
696 1386 825 1446 studium
840 1384 983 1444 latissime
995 1384 1107 1461 petuit;
1129 1403 1197 1450 nem
1208 1385 1241 1446 in
1258 1383 1381 1464 entique

294 1481 425 1544 Iouisrno
451 1505 539 1565 quem
561 1487 809 1564 deprehendimus
830 1485 863 1546 in
878 1467 1048 1598 HQeriois
1069 1485 1249 1548 terminibus
1265 1485 1383 1548 rooales

294 1583 411 1646 vieinee
427 1587 598 1664 saepissime
623 1591 660 1648 ed
683 1609 714 1648 se
730 1588 858 1648 invioem
884 1586 1143 1660 odsiniiubentur,
1173 1589 1251 1650 unde
1276 1591 1345 1650 onte
1362 1608 1383 1647 o

295 1688 513 1748 terminationis
528 1689 688 1750 themotioa
703 1688 834 1764 genuino
850 1688 962 1750 vooolis
981 1688 1139 1762 remansit,
1162 1695 1267 1752 eontra
1280 1710 1301 1764 p
1315 1707 1382 1750 eam
1424 1723 1430 1732 ·

295 1786 340 1846 sui
372 1788 544 1848 similiorem
573 1790 701 1850 reddidit
730 1790 763 1850 in
791 1808 820 1860 r,
859 1790 896 1850 of.
919 1790 1067 1878 curtum·
1085 1791 1214 1852 Erloeut.
1245 1811 1274 1868 p.
1299 1788 1381 1871 ⁹⁸s⁹=

295 1888 373 1947 Male
392 1909 480 1966 porro
495 1891 578 1950 Eust.
596 1898 626 1952 et
640 1891 727 1966 Greg.
738 1891 802 1950 Gor.
820 1891 857 1952 de
871 1892 939 1952 dial.
959 1891 1044 1954 AooL
1060 1891 1086 1970 5.
1099 1899 1139 1954 33
1156 1912 1184 1969 p.
1198 1899 1259 1954 609
1278 1889 1382 1969 tropeo

297 1985 438 2066 ἒξαιρέστι
456 1994 510 2052 τοῦ
527 1997 540 2051 i
558 2014 613 2072 pro
635 1988 751 2068 ἑταῖρος
769 1993 899 2068 positum
916 1993 1035 2057 Aeolidi
1060 1994 1263 2058 tribuentibus
1280 1995 1381 2056 Amei-

295 2093 356 2152 sius
375 2096 567 2166 auscultavit;
590 2095 689 2171 potuit
704 2093 783 2156 enim
805 2115 870 2156 eum
895 2097 998 2158 eodem
1013 2096 1092 2159 hano
1116 2096 1333 2173 eorreptionem
1348 2101 1382 2160 et

295 2197 353 2256 hoo
373 2197 544 2273 exemplum
568 2196 657 2258 stiam
675 2197 784 2260 Attiois
807 2204 838 2258 et
859 2199 989 2260 Doribue
1011 2199 1051 2276 (r.
1076 2200 1112 2259 do
1128 2197 1198 2260 dial.
1215 2203 1276 2260 nn„
1290 2198 1316 2276 fi.
1330 2203 1379 2258 30.

294 2316 322 2372 p.
338 2298 400 2372 75.)
422 2306 452 2360 et
470 2297 595 2358 Ionibus
617 2299 665 2374 (de
685 2300 752 2360 dist
769 2302 833 2360 Ion.
853 2298 878 2378 §
890 2304 939 2359 53.
956 2320 984 2377 p.
997 2299 1081 2374 457.)
1105 2300 1271 2372 vindiesrs,
1301 2301 1381 2380 quod

294 2416 415 2474 gramm.
434 2403 625 2474 Augustanus
650 2421 769 2480 quoque
785 2400 924 2478 probavit
949 2402 985 2462 de
1002 2400 1069 2462 dial.
1093 2405 1155 2464 Att
1176 2399 1202 2480 ἓ.
1216 2403 1243 2462 7.
1261 2421 1290 2478 ρ.
1304 2402 1379 2472 6723

294 2502 419 2572 fortasse
435 2501 551 2560 etiamsi
567 2521 678 2562 memor
695 2503 810 2575 fuisset,
833 2504 937 2564 eodem
951 2503 1140 2564 Homerioem
1151 2523 1257 2564 voeem
1273 2497 1380 2580 ἀρνίον

295 2624 319 2682 γ.
342 2606 402 2662 444
433 2604 573 2664 traxisset
601 2623 691 2684 quem
716 2605 793 2681 apnd
820 2603 1059 2684 Hierapytnaeos
1082 2593 1237 2666 Cretenses
1262 2603 1379 2681 aporos

295 2705 442 2767 audivisse
458 2704 603 2766 Porsillus
628 2707 712 2766 testis
729 2712 789 2779 est,
818 2708 897 2785 quod
916 2707 1048 2769 Homero
1065 2707 1264 2784 Apollodorus
1287 2709 1378 2770 erne

294 2807 407 2870 niensis
425 2807 541 2869 restitui
560 2815 693 2870 suaserat
704 2809 752 2885 (of.
769 2810 860 2870 sohoL
883 2809 994 2870 Herod.
1014 2831 1043 2868 τι.
1064 2800 1124 2868 Ὀδ.
1142 2829 1192 2888 πρ.
1209 2811 1250 2870 ΙΙ.
1266 2831 1295 2888 p.
1312 2815 1379 2871 133.

294 2910 397 2970 Lentu.
415 2911 452 2970 od
476 2912 500 2983 Ι,
520 2915 590 2970 ³60.
623 2912 705 2974 Euat
723 2931 753 2988 p.
774 2913 862 2985 1467,
879 2913 929 2972 37.
964 2912 1097 2976 Leroohe
1115 2912 1239 2990 pte),
1274 2913 1330 2988 (ιτ
1348 2904 1381 2972 sd

294 3003 458 3087 otpodo‘zov
482 3007 600 3092 ἀγγεῖον
624 3032 653 3073 v.
671 3014 717 3074 Et.
734 3015 775 3074 M.
794 3017 843 3085 34,
862 3020 911 3074 40.
940 3014 1069 3090 Hesyen
1089 3012 1224 3086 suidam,
1253 3015 1309 3076 etsi
1329 3014 1380 3074 alii

293 3113 380 3174 sliter
410 3113 582 3176 derivarunt
609 3115 777 3177 zenodotus
801 3108 926 3191 δάρνιρν
955 3115 1104 3176 Nieender
1128 3119 1158 3180 et
1181 3115 1381 3184 Theudoridae

295 3235 314 3274 a
344 3208 516 3290 δάμνασθαι
544 3217 595 3277 alii
620 3209 742 3292 ἆμέντον
764 3243 807 3268 a
825 3208 996 3294 στερητικὸν
1022 3217 1076 3277 τοῦ
1098 3211 1221 3292 μένους,
1250 3213 1382 3279 τουτέστι

293 3318 347 3393 τῆς
379 3318 478 3394 ψυχῆς
501 3320 551 3382 vel
585 3339 641 3380 seo.
671 3320 753 3380 ronst.
783 3311 878 3397 ἤγουν
908 3315 1047 3393 αἵματος,
1078 3337 1106 3378 v.
1135 3318 1294 3382 Gaisfordii
1318 3325 1379 3380 not

296 3421 333 3480 ad
363 3421 396 3480 E.
425 3422 464 3479 M.
490 3422 642 3482 Duentser
670 3423 706 3480 da
728 3421 796 3480 Zen.
822 3441 850 3497 p.
875 3421 936 3496 29).
990 3424 1033 3482 Λα
1059 3419 1166 3484 mirum
1190 3422 1309 3501 quidem
1325 3426 1381 3485 est

257 3571 259 3575 .
295 3524 373 3603 qnod
397 3543 484 3586 nemo
507 3528 641 3585 veterum
665 3523 700 3584 de
727 3523 848 3584 Aeolion
871 3527 995 3584 sonentu
1013 3527 1044 3584 et
1067 3522 1174 3600 spiritu
1199 3522 1379 3590 montionem

294 3626 374 3687 feeit
418 3626 475 3687 Sed
493 3645 531 3686 ne
547 3626 578 3686 in
594 3625 690 3686 forme
706 3620 810 3704 ἕταρος
827 3643 903 3705 queo
917 3624 950 3686 in
965 3623 1059 3686 Iliade
1073 3625 1098 3686 si
1121 3630 1202 3690 rests
1220 3624 1380 3702 conputari

284 3747 393 3810 ,neque
422 3729 479 3790 looi
504 3728 604 3788 oeulos
626 3727 769 3801 fugerunt
795 3727 963 3803 septuagies
985 3727 1095 3800 sexies,
1124 3727 1157 3786 iu
1173 3726 1307 3806 Odyssea
1327 3747 1379 3788 no·

295 3831 398 3907 negies
415 3837 520 3910 quater
542 3830 651 3906 legitur
668 3848 724 3904 pro
746 3828 862 3904 vulgari
877 3834 909 3889 et
923 3829 1027 3891 Ionioa
1050 3823 1166 3906 ἑταῖρος
1186 3847 1264 3910 quae
1282 3833 1382 3892 snut

293 3931 325 3990 in
345 3932 438 3992 Iliade
455 3933 568 3994 oenties
586 3931 687 4003 vinies,
709 3931 742 3990 in
758 3931 891 4009 Odyssea
905 3932 1016 3994 oeuties
1034 3930 1210 4009 quadragies
1224 3937 1279 4002 tor,
1302 3949 1379 3992 sern-

293 4053 348 4110 per
368 4035 446 4111 apud
473 4034 659 4096 Herodotum
685 4033 729 4110 (et
753 4025 842 4110 ἑτάρη
865 4034 901 4094 Δ.
920 4038 991 4094 441.
1030 4027 1211 4109 ἑταρίσσαιτο
1244 4033 1282 4092 Ν.
1307 4037 1379 4092 456.
1408 4093 1415 4104 ,

294 4142 398 4195 eontra
420 4132 520 4214 ἑταίρη
546 4136 570 4194 Ι.
586 4141 613 4194 2.
646 4155 673 4214 ρ.
691 4135 761 4194 221.
793 4130 952 4215 ἑταιρίσσαι
976 4134 1016 4192 Ω.
1038 4136 1122 4210 eet.)
1157 4133 1295 4196 Aeolioae
1318 4134 1380 4194 dia·

292 4235 362 4296 leoti
387 4238 425 4296 ab
449 4237 620 4300 Homeridis
644 4237 788 4300 inmixtas
813 4254 1005 4316 agnoeoumus
1030 4237 1251 4306 doonmentum,
1282 4235 1381 4300 obstet
