3126 5256
588 913 750 994 lita.

212 1093 360 1152 Gustavus
374 1092 545 1160 Ludovious
556 1091 721 1154 Guilelmus
731 1053 876 1154 Hirricbs
893 1096 1060 1188 natussum
1071 1093 1216 1165 Ievcriae,

123 1197 159 1256 in
177 1197 250 1256 urbe
268 1187 514 1271 Oldenburgcnsi,
537 1195 585 1255 die
602 1195 693 1256 XIII.
715 1217 754 1255 m.
772 1197 891 1256 ianuar.
915 1214 940 1254 a.
959 1196 990 1254 h.
1011 1215 1033 1254 s.
1053 1195 1105 1254 LI.
1131 1199 1216 1272 patre

123 1298 267 1371 Henrioo,
289 1299 384 1360 matre
402 1299 611 1360 Christianae
628 1303 716 1377 gente
733 1298 905 1360 Wefariana
922 1298 1030 1378 quibus
1047 1296 1216 1372 etiamnunc

124 1401 336 1482 superstitibus
364 1403 494 1464 maximo
523 1402 646 1478 gaudeo.
700 1402 804 1462 Fidem
831 1402 976 1480 profiteor
1004 1399 1215 1475 evangelicam.

122 1506 246 1583 Septem
267 1525 362 1565 annos
383 1511 471 1566 natus
492 1525 560 1565 cum
581 1506 755 1583 parentibus
777 1505 913 1578 Barkam,
935 1504 968 1562 in
984 1503 1158 1582 oppidulum
1178 1504 1216 1562 ad

103 1609 233 1669 ¹Ilmam
263 1609 375 1668 flumen
404 1628 498 1686 prope
528 1608 692 1668 Vimariam
723 1609 827 1682 situm,
859 1606 1070 1682 transmigravi
1101 1606 1154 1665 ubi
1183 1605 1216 1668 in

123 1710 228 1773 schola
250 1711 398 1771 communi
419 1711 587 1772 litterarum
609 1711 764 1772 clamantia
784 1712 916 1770 imbutus
943 1729 1008 1769 sum
1030 1707 1177 1788 simulque
1198 1728 1217 1767 a
1257 1723 1262 1731 ’

124 1816 241 1874 duobus
262 1813 337 1876 viris
359 1814 480 1892 optimis
496 1815 548 1874 Dr.
569 1815 669 1875 donst.
685 1815 764 1874 Ellio
788 1814 840 1895 qui
862 1812 1134 1891 superInteudentis
1151 1832 1216 1870 mu-

124 1937 199 1979 nere
219 1917 356 1992 Iungitur
377 1923 407 1978 et
424 1919 504 1978 Frid.
524 1915 633 1993 Klugio
656 1919 795 1979 adiuncto
819 1937 874 1978 em.
896 1916 1017 1992 linguae
1038 1915 1165 1976 Latinae
1187 1920 1218 1975 et

126 2022 257 2081 Graecae
279 2020 448 2081 rudimenta
471 2021 581 2098 accepi.
625 2022 701 2080 Tum
722 2027 880 2102 postquam
907 2019 1095 2100 gymnasium
1116 2019 1216 2078 Vima-

123 2124 224 2185 riense
246 2124 326 2204 quod
340 2123 445 2183 floruit
466 2124 613 2183 directore
629 2124 668 2182 H.
686 2123 832 2185 Rassovio
853 2121 1072 2200 professoribus
1088 2123 1126 2181 H.
1145 2123 1217 2182 We·

125 2231 198 2288 bero
220 2230 252 2286 et
274 2226 309 2285 Ο.
331 2225 451 2300 Heinio,
474 2245 554 2285 nuno
576 2226 724 2305 gymnasii
747 2225 952 2300 Magdslenaci
975 2224 1218 2286 Vratislaviensis

127 2331 282 2402 directore,
304 2348 359 2406 per
381 2328 513 2409 quinque
535 2348 629 2389 annos
651 2329 857 2409 frequentavi,
888 2347 958 2389 vere
981 2344 1006 2386 a.
1026 2330 1056 2387 h.
1076 2347 1098 2387 s.
1116 2328 1216 2388 LXX.

126 2431 307 2492 maturitatis
334 2431 504 2492 testimonio
533 2431 698 2492 instructus
719 2435 824 2492 Ianam
852 2452 899 2490 me
930 2430 1043 2492 contuli
1069 2436 1103 2490 ut
1131 2433 1216 2490 theo-

125 2536 223 2610 logiae
238 2539 268 2594 et
285 2533 467 2612 philologiae
484 2534 589 2594 studiis
608 2535 754 2596 initiarer.
799 2535 857 2595 Illa
873 2535 956 2594 cuius
973 2533 1217 2613 praeceptoribus

124 2659 197 2699 usus
225 2657 290 2697 sum
316 2659 366 2700 vv.
390 2637 437 2698 011.
458 2636 604 2697 Diestclio
627 2638 771 2700 Grimmio
793 2638 887 2698 Hasio
909 2636 1113 2712 Hilgenfeldio
1138 2639 1216 2697 Ruc-

122 2743 228 2802 'okcrto
250 2747 318 2820 post
340 2761 450 2801 annum
472 2761 519 2800 me
542 2741 692 2814 abdicavi,
720 2741 918 2819 philologicas
940 2745 971 2800 et
991 2740 1215 2820 philosophicas

125 2843 243 2905 scholas
265 2844 326 2903 adii
348 2865 397 2906 vr.
416 2844 462 2904 cll.
478 2844 617 2904 Bursiani
640 2846 712 2904 Oun.
732 2844 868 2904 Fischeri
888 2843 1103 2904 Gacdeohansii
1120 2846 1215 2904 Maur.

124 2945 282 3005 Schmidtii
299 2945 459 3007 Wittichii.
490 2951 536 3006 Ao
549 2947 689 3006 Bursiani
705 2947 892 3025 potissimum
908 2951 938 3006 ct
952 2945 1109 3006 Schmidtii
1126 2949 1216 3006 benc·

123 3047 260 3112 volentia
281 3051 393 3109 factum
420 3053 465 3109 est
491 3055 526 3110 ut
553 3070 608 3128 per
636 3072 689 3111 aex
716 3069 833 3110 mensos
862 3049 1013 3109 seminarii
1042 3049 1215 3127 philologici

124 3171 221 3212 essem
236 3152 346 3212 sodalis
363 3153 539 3214 ordinarius.
576 3157 666 3213 Anno
679 3155 709 3213 h.
729 3174 752 3212 s.
768 3153 875 3213 LXXI
891 3157 1019 3212 exeunte
1037 3151 1119 3211 inter
1136 3153 1216 3214 cives

86 3313 89 3318 Δ
124 3255 331 3315 univcrsitatis
360 3255 525 3315 litterariae
547 3257 719 3317 Fridericae
747 3255 911 3316 Guilelmae
937 3255 1140 3315 Berolinensis
1169 3276 1215 3315 re·

124 3362 230 3435 ceptus
252 3378 317 3417 sum
338 3358 391 3418 ubi
412 3378 467 3436 per
488 3359 586 3418 scxIas
608 3380 662 3420 sex
683 3379 800 3419 menses
824 3358 925 3420 audivi
946 3379 995 3420 vr.
1019 3358 1067 3417 011.
1088 3358 1215 3418 Althau-

125 3461 203 3520 sium
231 3461 402 3522 Bonitaium
435 3461 570 3522 Curtium
597 3461 799 3542 Droysanium
830 3459 1049 3537 Duehringium
1077 3462 1215 3522 Ebelium

124 3564 293 3642 Hauptium
322 3565 570 3642 Hcydomannum
599 3568 754 3628 Hothoum
781 3567 976 3626 Huebnerum
997 3565 1216 3625 Kirclrhoffium

123 3665 304 3725 Michaelam
326 3668 554 3730 Mommsenium
577 3669 836 3729 Muellcnhoffium
851 3668 1064 3729 'steinthclium
1079 3669 1216 3730 watten-

123 3768 265 3829 bachium
288 3768 448 3830 Weberum
469 3770 647 3830 Werdarum
668 3771 825 3831 Zellerum.
869 3774 929 3832 Per
954 3776 1094 3854 quattuor
1123 3790 1214 3831 semc-

123 3870 201 3932 stria
216 3875 246 3931 et
260 3872 340 3932 ultra
355 3872 392 3931 ad
404 3871 576 3930 societatem
589 3873 733 3932 Graecam
743 3873 958 3950 Kirohhoffius,
980 3876 1018 3934 ad
1027 3874 1214 3934 Theotisoam

122 3974 382 4048 Muellcnhoffius,
403 3975 458 4054 per
480 3975 536 4033 duo
560 3976 596 4034 ad
618 3975 841 4036 Aristotelicum
862 3978 1034 4050 Bonitaius,
1057 3977 1095 4036 ad
1117 3976 1214 4055 philo·

119 4077 253 4152 logicam
281 4079 460 4139 Huebnerus
486 4077 599 4137 aditum
628 4078 703 4138 mihi
731 4078 861 4154 benigne
889 4086 1108 4152 concesserunt.
1156 4081 1214 4140 His

119 4180 199 4244 viris
220 4180 430 4242 illustrissimis
447 4179 584 4260 omnibus
607 4182 658 4262 qui
676 4180 787 4258 optime
810 4184 847 4243 de
868 4203 916 4246 me
933 4184 1035 4246 meriti
1057 4188 1128 4244 sunt
1140 4205 1214 4260 gra·

121 4284 183 4345 tiae
206 4305 262 4362 ago
286 4305 375 4368 quam
395 4284 547 4347 maximas.

566 4455 770 4467 ...ι-ι...-
