3126 5256
655 707 716 773 129

131 859 207 927 σάου
230 865 383 943 explicari
404 867 503 942 potest
524 863 616 924 nisio
637 854 745 940 οοὶοομι,
768 863 848 941 quod
862 861 1031 924 Lobeclrius
1050 863 1170 944 quidem
1191 867 1229 926 ad

130 967 244 1028 Buttm.
265 967 311 1027 H.
334 987 363 1044 p.
383 972 420 1026 13
441 967 612 1044 repudiarit
632 967 685 1026 sed
704 969 786 1025 recte
808 963 926 1024 Curtius
948 966 985 1024 de
1005 966 1097 1026 verbo
1119 987 1149 1044 p.
1166 972 1227 1028 956

130 1069 278 1146 probavit
300 1069 454 1129 Alcaioum
479 1062 615 1138 ciur=
630 1059 739 1136 ἐσοὶους
766 1067 814 1144 (fr.
831 1067 885 1144 ta)
912 1067 1084 1138 confersam
1112 1073 1230 1130 veteres

130 1170 278 1230 nimirum
302 1171 466 1248 etymologi
486 1171 535 1230 hic
557 1169 726 1229 Dorismum
744 1151 938 1228 Homericum
958 1166 1168 1246 praedicarunt
1188 1170 1201 1247 (
1222 1213 1230 1230 .

130 1273 202 1332 ehr.
217 1273 265 1331 H.
290 1292 321 1349 p.
337 1271 421 1349 204).

215 1375 315 1444 Nunc
329 1373 458 1448 primum
479 1373 640 1435 videndum
656 1377 701 1432 eet
721 1375 820 1432 utrum
843 1391 946 1432 omnes
966 1373 1022 1432 hae
1036 1370 1149 1431 formae
1164 1389 1231 1432 ver·

131 1473 239 1534 borum
265 1478 489 1536 contractorum
511 1495 587 1555 quae
608 1474 771 1534 flexionem
792 1473 991 1552 antiquiorem
1020 1474 1108 1550 inps
1132 1479 1232 1536 secuta

130 1581 201 1637 sunt
222 1577 313 1638 inter
329 1576 456 1652 vestigia
473 1597 513 1636 ex
527 1576 650 1636 Aeolica
663 1575 746 1652 poesi
766 1575 941 1651 deprompta
954 1577 1154 1635 numerandae
1171 1577 1232 1638 sint

130 1697 168 1737 an
183 1681 223 1739 ad
241 1684 381 1741 veterem
396 1678 558 1738 Ionismum
573 1678 623 1738 vel
638 1676 875 1756 antiquissimam
891 1673 1024 1751 linguam
1039 1675 1216 1753 relegendas
1221 1697 1230 1749 ς

131 1780 326 1855 grammatici
356 1781 436 1839 enim
466 1785 501 1841 ut
531 1784 636 1857 postea
662 1778 829 1841 videbimus
861 1777 1033 1854 saepissime
1063 1779 1230 1864 Aeolismos

130 1881 325 1952 indicarunt3
347 1901 445 1962 neque
466 1883 600 1959 profecto
622 1881 675 1941 illa
695 1880 857 1941 contractio
882 1900 898 1940 a
920 1879 1093 1962 vulgaribus
1115 1886 1230 1941 contra·

130 1984 224 2052 hendi
243 1984 367 2059 legibus
382 1983 492 2043 Ionicis
509 1983 666 2059 expeditur
685 1982 756 2062 quia
771 2001 799 2041 ee
816 1981 926 2043 coaluit
940 1983 974 2042 in
990 2001 1014 2042 es
1030 1983 1079 2064 (of.
1098 1979 1231 2064 ἐφομαρ-

131 2088 230 2146 τεῖτον
253 2082 397 2160 κομείτην
421 2083 456 2142 Θ.
479 2089 545 2144 113.
574 2082 721 2160 κομείτων
739 2083 773 2143 Θ.
795 2084 875 2162 109).
919 2086 977 2146 Sed
1004 2105 1042 2146 ne
1063 2087 1230 2148 Aeolismcs

132 2191 337 2250 concedamus
352 2187 480 2263 primum
501 2203 573 2246 sane
587 2186 683 2246 levius
699 2185 909 2246 offendiculum
928 2187 1068 2248 adferunt
1080 2188 1231 2261 longiores

130 2289 366 2351 terminationes
387 2287 603 2347 infinitivorum
630 2287 663 2344 in
684 2303 783 2362 -μενοι
805 2292 835 2346 ο1
855 2287 1099 2361 imperatirorum
1125 2287 1158 2344 in
1179 2290 1231 2346 -θι

133 2411 210 2470 quae
234 2413 256 2452 a
278 2390 379 2452 verbis
398 2387 481 2465 puris
506 2389 540 2446 in
562 2385 686 2446 Aeolide
708 2392 851 2466 quantum
880 2387 988 2446 seimus
1015 2386 1130 2446 alienae
1150 2391 1229 2462 suut,

132 2497 196 2553 tum
220 2493 347 2570 gravius
363 2489 458 2549 dualis
477 2490 588 2548 formae
610 2488 693 2549 cuius
708 2506 748 2546 ex
764 2485 887 2547 Aeolide
903 2507 958 2548 nee
972 2489 1041 2549 vola
1062 2506 1118 2548 nec
1137 2487 1229 2550 vesti·

132 2595 217 2669 pum
243 2597 382 2671 superest
404 2589 443 2668 (v.
461 2591 574 2651 Hirzel.
591 2611 620 2668 p.
635 2590 788 2669 51-5s);
810 2608 908 2670 neque
930 2590 1009 2650 enim
1030 2590 1132 2651 dubito
1155 2591 1230 2672 quin

133 2697 267 2775 ποίητον
283 2695 437 2754 Aeolicum
460 2714 527 2754 eum
539 2692 699 2753 Homerico
721 2683 814 2770 ἄητον
828 2698 1020 2770 conparatum
1036 2693 1115 2775 quod
1132 2695 1232 2778 τροπῇ

134 2801 189 2859 τοῦ
216 2805 233 2860 ἓ
259 2794 301 2866 εἰς
321 2800 342 2871 ἦ
364 2791 513 2864 Alsiensis
535 2787 576 2865 cic
599 2787 631 2854 ri
655 2790 802 2870 διζὲμενος
824 2788 978 2872 διζήμενος
1004 2793 1055 2855 καὶ
1076 2792 1231 2873 τιθέμενος

104 2895 108 2910 “
132 2894 307 2978 τιθήμενος
329 2893 496 2966 explicatur
522 2895 564 2967 (r.
581 2897 652 2952 Ahr.
668 2897 693 2952 I.
712 2915 741 2969 p.
762 2901 829 2953 199.
853 2901 920 2955 145.
940 2917 969 2955 n.
986 2897 1039 2974 21)
1061 2899 1230 2971 grammati·

133 3016 245 3062 eorum
257 2995 454 3051 commentum
466 2990 512 3048 eit.
542 2991 608 3060 Sed,
626 2993 705 3066 quod
716 2993 920 3063 gravissimum
936 2999 989 3066 eat,
1007 3014 1079 3052 usus
1089 2996 1230 3054 Aeolicae

132 3094 262 3161 dialecti
283 3089 405 3151 minime
418 3088 557 3166 proprius
571 3087 631 3148 fuit
651 3088 703 3146 sed
724 3089 813 3145 etiam
834 3089 867 3147 in
881 3092 1001 3149 Doridis
1016 3095 1230 3154 consuetudine

134 3195 387 3280 deprehenditur,
417 3211 446 3254 v.
465 3189 610 3267 Allen.·p.
627 3194 704 3260 2643
727 3187 806 3266 quod
828 3208 895 3248 cum
915 3189 959 3247 ita
979 3191 1019 3249 sit
1039 3189 1118 3250 nihil
1137 3195 1231 3256 restat

135 3303 198 3363 uisi
221 3306 259 3362 ut
270 3297 330 3376 ipsi
343 3296 474 3358 Ionismo
488 3292 696 3381 formationem
716 3288 900 3352 vindicemus
914 3293 1005 3369 atqua
1019 3294 1230 3358 contractionis

137 3405 289 3466 rationem
312 3400 584 3479 (essperqsaq
607 3377 1229 3474 οἰοο1ἥεριτ-ἦριῆεεῆἦενι-ἦν,

139 3506 225 3566 (lum.
241 3505 323 3564 Stnd.
340 3504 381 3562 II.
398 3523 426 3579 p.
442 3502 511 3575 179,
535 3499 581 3576 ojc
597 3519 651 3577 per
666 3517 706 3558 ωο
718 3523 762 3550 =
773 3497 809 3575 ω)
830 3518 870 3559 ex
888 3496 1036 3560 communi
1051 3495 1230 3577 antiquitate

139 3611 319 3686 repetamus.
360 3606 466 3684 Itaque
480 3603 513 3662 in
527 3604 699 3664 uuiversum
714 3602 893 3663 archaismos
907 3602 1029 3675 vocabo,
1052 3618 1230 3684 quamquam
1263 3638 1288 3665 a

141 3727 205 3770 nan
226 3706 397 3784 negaverim
423 3705 582 3766 nonnullae
604 3723 697 3767 ⁴voces
717 3726 805 3782 posse
834 3725 873 3764 ex
894 3703 1024 3766 Aeolicis
1051 3702 1231 3764 carminibus
1296 3760 1299 3765 .

142 3817 279 3888 receptas
299 3819 363 3870 ease
378 3827 476 3886 neque
490 3805 639 3866 Ahrensio
655 3808 827 3882 refragabor
845 3805 897 3885 qui
918 3805 993 3864 illud
1006 3796 1157 3884 ἀρώμενοι
1170 3825 1232 3867 una

144 3931 210 3972 cum
232 3909 335 3988 ci'vqps
357 3910 429 3968 Hes.
450 3927 497 3984 op.
516 3911 574 3986 681
606 3906 655 3984 (cf
677 3903 818 3982 ἔπαίνημι
839 3907 1056 3967 Stesichoreum
1083 3909 1114 3966 et
1135 3906 1230 3966 Simo·

143 4013 276 4092 uideam)
303 4012 384 4072 inter
404 4007 529 4068 Hesiodi
555 4012 652 4067 certos
673 4007 840 4067 Aeolismos
865 4009 969 4070 retulit
996 4009 1032 4068 de
1059 4008 1137 4069 mist.
1162 4006 1230 4066 dial.

145 4134 174 4190 p.
190 4117 245 4188 733
273 4116 325 4175 sed
353 4111 510 4173 discrimen
539 4129 601 4169 non
628 4110 762 4170 interest.
813 4111 963 4170 Plurimae
991 4115 1091 4171 autem
1116 4111 1232 4170 formae

146 4216 240 4276 solum
262 4217 340 4293 apud
361 4216 524 4274 Homerum
545 4214 749 4290 reperiuntur,
777 4211 910 4290 reliquae
931 4229 1003 4272 vero
1025 4230 1101 4291 quae
1128 4211 1232 4270 eadem

146 4318 259 4378 radone
291 4316 476 4393 utunturtl)
509 4333 687 4394 quamquam
720 4330 867 4392 nusquam
897 4314 1057 4379 verborum
1088 4331 1230 4388 purorum

146 4417 279 4481 habitum
299 4421 476 4480 induerunt:
498 4415 615 4496 δίζημαι
630 4414 730 4492 elmar
744 4405 817 4491 iiqps
837 4414 871 4474 iu
884 4413 965 4476 Iadis
986 4419 1018 4476 et
1037 4413 1155 4491 vulgari
1173 4433 1232 4474 nau

213 4553 258 4620 43)
275 4556 305 4603 V.
323 4554 402 4603 Belrk.
428 4553 511 4602 achad.
528 4553 601 4601 Hom.
613 4553 632 4601 1.
651 4565 676 4613 p.
689 4551 729 4600 50.
748 4553 816 4608 2793·
835 4561 888 4598 nou
906 4549 1070 4597 Buttmannus
1093 4549 1231 4599 laudandus

992 4640 1009 4692 9
