3126 5256
722 703 781 768 121

189 859 379 920 indicativis
399 859 433 918 in
455 879 479 917 ω
501 877 599 938 neque
621 879 687 918 cum
701 857 837 918 Hirzelio
859 877 898 917 ex
916 857 1053 933 analogia
1066 861 1162 935 repeti
1176 861 1295 934 debent,

191 981 366 1039 perperam
387 961 596 1041 antiquitatem
616 959 802 1020 formationis
822 958 860 1019 sb
875 957 1000 1019 Aeolide
1019 959 1208 1020 detrectatum
1231 979 1295 1022 6666

193 1064 357 1123 existimo.
401 1061 522 1136 Scilicet
536 1061 687 1141 antiquior
708 1062 810 1124 suffixi
832 1063 912 1141 quod
925 1061 1015 1135 vulgo
1036 1059 1095 1119 fuit
1108 1079 1161 1121 ves
1178 1064 1229 1122 vel
1244 1067 1297 1124 vet

192 1165 299 1222 forme
330 1162 407 1224 6666
433 1163 483 1224 vel
508 1168 583 1223 rent
611 1163 652 1240 (v.
672 1165 766 1240 Bopp.
786 1162 812 1242 5.
830 1168 899 1222 633.
922 1167 1037 1239 peso.
1058 1162 1126 1221 137.
1157 1162 1241 1222 Ebel.
1261 1164 1296 1223 in

194 1265 308 1324 Kuhn.
335 1285 403 1324 666.
424 1266 448 1324 Ι.
470 1284 500 1341 p.
517 1269 588 1322 398.
618 1264 724 1324 Christ.
743 1285 771 1340 p.
788 1261 890 1345 otest.
919 1266 998 1324 Gurt.
1015 1263 1097 1324 Stud.
1114 1265 1154 1324 11.
1177 1265 1294 1340 p.·171.

200 1369 276 1427 174.
308 1367 372 1426 Erl.
391 1386 420 1442 p.
433 1371 481 1426 64.
504 1367 661 1441 Brugmen.
681 1366 764 1426 Stud.
780 1367 832 1424 IV.
850 1364 967 1443 p.·129)
988 1366 1021 1423 in
1039 1365 1163 1424 Aeolide
1179 1369 1298 1426 retentu

195 1474 296 1548 atque
312 1469 349 1527 in
362 1487 418 1526 ·ων
433 1467 534 1527 litters
548 1467 631 1526 66616
644 1469 760 1527 obiectu
773 1471 969 1526 tremmutetu
981 1467 1108 1539 videtur,
1127 1487 1203 1546 queo
1217 1467 1294 1527 ratio

194 1568 231 1628 in
254 1573 321 1630 heo
348 1569 473 1629 dialecto
502 1587 572 1628 suae
599 1568 789 1644 proprietatis
816 1566 1004 1627 tenacissime
1029 1570 1066 1627 66
1094 1569 1298 1629 recentissime

195 1675 345 1748 tempora
366 1671 492 1732 duravit.
535 1657 647 1730 Verum
666 1670 728 1728 iam
750 1667 841 1728 Giesii
869 1686 905 1728 66
930 1669 1028 1728 fuerat
1049 1669 1150 1745 opinio
1180 1671 1232 1749 qui
1254 1669 1297 1731 sic

197 1771 328 1834 1666666
349 1777 395 1833 666
414 1793 444 1849 p.
466 1775 540 1831 103:
567 1771 627 1845 „im
650 1770 760 1846 grieoh.
781 1770 884 1846 portic.
906 1771 980 1847 perf.
1003 1770 1111 1830 erhielt
1136 1770 1200 1830 sich
1226 1790 1297 1831 vom

197 1873 290 1934 alten
307 1874 482 1934 Nominstiv
504 1892 568 1942 ·ονς
582 1872 614 1930 in
629 1873 682 1931 der
696 1872 920 1949 gewdhnlichen
934 1873 1064 1949 Spreche
1084 1872 1118 1932 in
1132 1891 1187 1942 -ouae,¹
1203 1873 1256 1933 666
1271 1893 1297 1946 ς,

197 1973 245 2034 im
268 1976 440 2035 Aeolismus
461 1975 493 2034 in
514 1994 571 2032 -ων
592 1975 643 2033 666
665 1979 715 2033 ν.“
741 2007 784 2020 »-

296 2077 395 2137 Huius
415 2078 507 2153 igitur
522 2075 665 2135 Aeolismi
686 2075 879 2136 clarissimum
900 2077 1069 2153 exemplum
1090 2079 1169 2154 apud
1184 2079 1296 2138 Home·

202 2197 277 2238 rum
299 2185 346 2239 est
364 2181 461 2239 forms
481 2169 669 2256 κεκλήγοντες
684 2196 760 2256 quse
782 2178 830 2236 M.
845 2181 914 2236 125.
941 2177 1064 2236 16430.
1089 2179 1119 2235 Ρ.
1137 2179 1206 2238 766.
1226 2181 1295 2239 769.

204 2277 232 2350 ξ.
247 2287 300 2342 30.
321 2286 390 2358 post
403 2281 531 2358 primum
546 2280 652 2356 pedem
665 2279 775 2354 legitur
795 2280 846 2337 sed
861 2277 893 2334 in
906 2279 1066 2337 recentiori
1086 2283 1173 2354 purte
1188 2299 1217 2354 μ.
1233 2283 1294 2338 256

172 2382 243 2440 ‘in
266 2384 466 2444 accusativum
488 2385 601 2441 666666
622 2380 658 2438 66
681 2397 792 2458 sueque
814 2379 882 2438 rede
901 2379 1020 2438 detrusa
1040 2385 1098 2452 est;
1120 2379 1209 2439 lectio
1224 2399 1295 2441 vero

206 2485 276 2544 sine
298 2487 387 2544 dubio
414 2483 544 2560 genuine
570 2486 662 2561 etque
688 2479 895 2558 antiquissime
918 2481 978 2541 fuit
1004 2500 1102 2561 neque
1123 2482 1296 2543 Aristarcho

201 2605 272 2645 non
289 2587 409 2662 placuit,
432 2586 530 2646 sedin
545 2585 638 2644 altere
653 2581 783 2643 editione
798 2583 963 2660 postposite
978 2589 1031 2658 est,
1047 2584 1125 2664 quie,
1148 2588 1183 2644 ut
1197 2585 1297 2666 iuquit

208 2688 304 2748 schot
326 2689 404 2748 Viot
423 2689 461 2747 66
485 2688 524 2747 Π.
543 2693 613 2760 430,
637 2678 693 2747 οὐκ
715 2679 880 2762 ἀναγκαῖον
904 2678 938 2746 vd
960 2681 1105 2748 Αἱολικόν
1127 2683 1234 2767 μέτρου
1255 2678 1297 2763 μὴ

210 2786 398 2868 ἐπείγοντος,
428 2789 543 2862 vulgari
571 2794 602 2849 et
623 2790 742 2849 Ionicae
770 2788 883 2848 formae
913 2791 1093 2867 κεκληγῶτας
1113 2791 1299 2869 κεκληγῶτας

211 2892 264 2972 (cf.
284 2887 457 2961 τετριγῶτας
476 2885 508 2940 Β.
527 2891 597 2943 314.
618 2889 791 2960 τεθνηῶτας
813 2885 981 2962 ἐμμεμαῶτε
1002 2891 1074 2960 clia3
1098 2892 1133 2948 de
1155 2892 1298 2965 products

209 2985 309 3050 vocali
323 3003 351 3043 v.
366 2983 527 3054 Brugmeni
544 2983 611 3040 diss.
628 3003 657 3058 p.
671 2975 718 3042 76.
737 2989 805 3043 133.
827 2988 862 3045 17
867 2985 926 3066 3s4.
941 2993 1031 3067 etque
1046 3009 1074 3064 p.
1089 2991 1128 3047 74
1145 2991 1181 3046 de
1195 2991 1297 3064 stirpis

214 3091 312 3149 forms
333 3084 450 3145 diversa
469 3078 595 3160 κέκληγα
606 3077 1198 3164 εκέκλαγγαεττεφενγῶςεττεφύγγαν).
1230 3087 1296 3150 Quo

212 3191 300 3251 modo
322 3193 421 3247 autem
447 3184 497 3244 ille
518 3185 643 3243 formem
665 3182 851 3259 explicuerit,
882 3171 982 3246 ulrum
1004 3207 1067 3246 666
1090 3190 1126 3246 66
1154 3186 1298 3262 singulari

214 3267 337 3352 Aeolios
358 3281 507 3366 κεκλήγων
534 3285 617 3346 cuius
638 3285 754 3346 nullum
773 3285 932 3360 vestigium
958 3291 1035 3365 apud
1058 3273 1222 3350 Homerum
1246 3291 1297 3348 de·

214 3391 408 3470 prehenditur
425 3391 465 3468 (v.
483 3389 607 3450 Lurooh.
624 3385 652 3465 p.
669 3394 746 3460 2963
767 3379 915 3465 κεκληγῶς
928 3389 1020 3451 hebet
1037 3393 1071 3450 Β.
1086 3395 1157 3452 222.
1174 3393 1211 3450 E.
1224 3397 1295 3451 591.

215 3497 429 3555 A.1e⁸.344.
461 3492 500 3552 N.
519 3492 589 3552 756.
623 3494 653 3551 Ρ.
675 3498 722 3551 88.
754 3513 783 3567 μ.
802 3490 877 3570 408)
906 3494 1082 3567 repetiverit
1110 3513 1149 3554 66
1178 3495 1295 3570 vulgari

213 3590 384 3675 κεκληγότες
404 3595 565 3656 littercmv
585 3596 726 3656 insertum
747 3595 840 3656 fuisse
861 3593 1018 3656 crediderit
1037 3597 1222 3670 ignoremus3
1244 3598 1297 3656 sed

214 3699 239 3758 si
268 3698 388 3758 omuino
416 3699 452 3756 66
473 3697 623 3758 Aeolismo
650 3697 806 3774 cogitavit
838 3698 1000 3758 certissime
1024 3697 1204 3772 perfectum,
1233 3717 1296 3757 uon

213 3799 354 3858 eoristum
374 3798 527 3860 intellexit
548 3801 627 3877 quod
648 3799 818 3859 Lobeolrius
839 3801 876 3858 66
892 3801 1001 3859 Β6666.
1020 3817 1063 3874 gr.
1079 3796 1128 3856 Gr.
1145 3797 1187 3857 II.
1208 3819 1237 3874 p.
1253 3804 1293 3858 36

213 3901 317 3963 statuit
336 3899 410 3959 mire
430 3898 546 3975 lapsus:
572 3904 680 3972 „unter
702 3900 869 3961 Aeolismus
896 3902 1036 3962 verstund
1064 3918 1097 3957 er
1117 3899 1296 3974 ohnstreitig

212 4001 296 4062 nicht
324 4001 372 4060 die
401 4001 638 4078 metaplastisohe
662 4002 791 4076 Endung
820 4023 863 4060 ων
890 4008 963 4064 66666
988 4023 1029 4073 ας
1054 4001 1112 4064 wie
1135 4000 1295 4076 Gregorius

212 4121 240 4178 p.
258 4107 316 4161 621
342 4095 468 4180 εἰρήκων
487 4097 637 4178 νενοήκων
659 4103 805 4162 aeolische
821 4105 950 4166 Formen
972 4111 1075 4178 neunt,
1096 4103 1224 4164 sondern
1246 4103 1294 4162 die

212 4204 440 4281 Redupiicetion
462 4205 513 4265 des
528 4206 678 4276 Acrists“;
698 4205 763 4282 ipse
784 4210 883 4268 autern
900 4213 930 4268 et
945 4209 1029 4275 -ῶτες
1050 4216 1081 4264 66
1094 4200 1191 4274 -όντες
1207 4206 1295 4266 metri

212 4323 299 4364 66666
319 4325 373 4382 pro
394 4308 520 4383 pristino
542 4303 621 4376 -ότες
648 4307 783 4384 eprisce
802 4305 969 4370 litteratura
995 4307 1208 4384 transpositum
1230 4325 1293 4368 esse

211 4405 389 4482 imaginatus
403 4411 541 4488 estquod
556 4409 690 4488 pluribus
704 4408 801 4468 refelli
816 4427 876 4468 non
892 4428 965 4484 opus
980 4416 1026 4470 est
1035 4409 1048 4448 ³
1057 4409 1094 4482 ⁷).
1124 4408 1293 4468 Pleonssmi

281 4543 324 4602 37)
341 4544 413 4591 Nunc
424 4543 522 4592 tandem
534 4558 589 4593 cum
600 4544 626 4593 in
638 4545 727 4594 nitidus
738 4545 835 4593 chartas
847 4557 924 4602 usque
936 4543 995 4592 diss.
1007 4543 1169 4607 scripsissem,
1185 4543 1293 4606 Rumpfii
