3126 5256
672 787 730 854 161

243 943 402 1004 Praeterea
414 942 619 1023 Smyrnaea
641 945 792 1022 origine
815 943 1015 1006 Aeolicum
1034 945 1242 1008 Homerum

158 1044 357 1107 defenderunt
381 1045 617 1124 Welclrerusfl)
648 1053 679 1108 et
707 1046 911 1124 Lauerus28).
955 1048 1064 1110 Gontrs
1091 1049 1242 1110 511151-

155 1147 246 1224 lerus,
262 1147 314 1228 qni
328 1148 441 1226 primus
454 1147 487 1208 in
498 1147 641 1228 Smyrnae
655 1151 827 1212 memoriam
840 1148 999 1226 diligenter
1011 1150 1169 1230 inquisivit
1180 1150 1241 1228 ²⁹),

156 1269 226 1310 cum
247 1250 320 1310 duas
341 1251 479 1326 colonias,
504 1251 632 1328 priorem
653 1251 787 1314 Ionioam
807 1253 926 1330 Epheso
949 1252 1070 1314 alteram
1091 1253 1242 1314 Aeolicam

156 1352 267 1426 Gumis,
289 1372 325 1412 eo
340 1355 480 1414 deductas
495 1354 681 1416 distinxisset
699 1359 789 1435 atque
811 1355 998 1430 cognovisset
1011 1355 1100 1417 Iones
1122 1361 1152 1416 et
1164 1359 1242 1416 Aeo·

155 1455 257 1516 leusee
286 1455 468 1536 aliquamdiu
496 1476 556 1516 una
582 1457 626 1516 ibi
654 1457 816 1530 habitasse,
845 1461 909 1516 tum
935 1455 1002 1518 illos
1027 1456 1107 1518 inter
1132 1477 1242 1538 eosque

155 1563 278 1634 gentem
299 1559 488 1620 Homericam
510 1562 547 1620 ab
575 1559 623 1620 his
644 1560 784 1637 expulsos
805 1557 1006 1635 Colophonem
1028 1579 1060 1620 se
1087 1561 1242 1638 recepisse,

154 1661 210 1722 sed
232 1666 300 1738 post
322 1662 380 1722 duo
400 1661 463 1722 fere
485 1662 602 1722 saecula
622 1681 773 1738 regressos
799 1666 891 1722 totam
913 1664 1017 1722 urbem
1043 1663 1100 1722 sibi
1121 1682 1243 1739 recupe-

153 1782 246 1837 rasse,
269 1783 309 1823 ex
323 1764 426 1824 Ionica
446 1769 530 1840 parte
545 1769 662 1840 poetam
679 1771 775 1824 ortum
791 1782 854 1823 esse
875 1769 906 1823 et
919 1764 1051 1826 Ionieam
1072 1765 1122 1825 vel
1136 1765 1242 1826 Achai·

154 1884 223 1926 cam
236 1866 395 1926 dialectum
409 1866 578 1927 adhibuisse
600 1865 835 1942 autumavit30).
880 1867 934 1926 cui
957 1866 1090 1942 opinioni
1113 1867 1243 1944 adstipu-

155 1969 238 2028 latus
259 1967 511 2044 Scngebusohius,
532 1969 714 2046 inpugnator
735 1968 858 2028 Homeri
880 1969 995 2030 Aeolioi
1017 1989 1106 2050 quem
1125 1969 1185 2028 iam
1206 1971 1243 2029 ab

153 2071 331 2132 Aristarcho
353 2091 474 2147 prorsus
497 2091 561 2132 esse
582 2071 773 2148 profligatum
794 2071 977 2147 praedicavit
1004 2072 1048 2150 (in
1069 2072 1154 2132 Iahn.
1177 2090 1244 2132 ann.

154 2194 187 2251 p.
204 2173 281 2250 259)
300 2174 469 2247 acerrimus,
494 2173 547 2254 qni
568 2174 733 2234 Homerum
753 2173 967 2234 Atheniensem
988 2175 1067 2236 inter
1088 2173 1246 2252 populares

156 2276 316 2356 Smyrnam
330 2277 516 2336 traicientem
530 2274 647 2344 recoxit
661 2293 814 2355 genusque
837 2281 868 2335 et
885 2275 983 2352 ipsum
998 2276 1121 2337 Homeri
1137 2297 1245 2337 nomen

156 2377 206 2456 (ut
226 2397 280 2457 pro
302 2377 449 2457 Thamyris
474 2377 577 2454 essetl)
607 2383 638 2439 et
666 2383 759 2438 totam
788 2378 892 2452 poesin
922 2377 958 2436 ed
979 2378 1244 2439 Atticos⁸lhrsees

156 2481 371 2541 admirabiliter
391 2499 530 2541 revocare
551 2480 670 2540 molitus
691 2478 807 2556 est³¹),
831 2477 992 2539 Aeolenses
1013 2480 1171 2560 quiequam
1192 2500 1243 2542 va-

156 2584 249 2644 luisse
270 2585 308 2644 ad
327 2584 519 2644 excolendam
533 2583 722 2644 Homericam
743 2580 848 2660 poesin
870 2581 1033 2657 praefracte
1055 2581 1243 2661 negarim).

158 2687 270 2746 Verum
291 2686 371 2745 enim
391 2703 463 2748 vero
478 2685 702 2764 Absensiusll)
724 2683 847 2748 Aeolica
866 2685 993 2760 vestigia
1013 2684 1056 2746 sic
1077 2685 1242 2759 extricavit,

157 2793 194 2850 ut
207 2783 371 2868 ¹Smyrnam
393 2789 517 2849 Homeri
538 2788 664 2866 patriam
692 2788 788 2866 primo
818 2789 854 2847 ab
878 2787 1074 2849 Aeolensibns
1096 2789 1244 2850 conditam

158 2897 222 2954 tam
244 2893 281 2951 ab
296 2891 421 2952 Ionibus
442 2894 496 2952 sub
518 2896 695 2969 potestatem
713 2892 860 2950 redactam
882 2891 973 2950 inisse
987 2892 1143 2968 acciperet,
1165 2892 1245 2972 quod

158 3013 265 3055 censor
282 2994 342 3073 (cf.
364 3015 394 3070 p.
410 2996 442 3074 2)
471 3013 532 3054 non
560 2994 625 3053 sine
651 3011 739 3052 cansa
765 2993 798 3050 in
826 2993 1040 3052 dubitationem
1068 2994 1187 3054 vocavit
1215 2989 1264 3052 et'

155 3097 304 3158 refutatur
325 3096 446 3172 Bergkii
469 3115 556 3157 cansa
577 3113 665 3175 quem
686 3114 714 3170 p.
733 3099 791 3153 851
816 3095 949 3170 protulit,
974 3095 1031 3154 hoc
1052 3101 1120 3172 post
1142 3095 1243 3172 Olym·

156 3200 278 3278 pindum
296 3198 416 3258 initium
432 3199 548 3258 demum
562 3197 673 3257 factum
694 3214 758 3257 esse
773 3201 842 3255 ante
858 3215 945 3274 quam
964 3201 1090 3257 aetatem
1105 3197 1243 3270 carmina,

157 3305 239 3362 certe
260 3300 341 3374 Ilias,
363 3301 498 3361 confecta
518 3299 609 3359 t'uisse
631 3299 763 3376 putanda
783 3304 890 3358 essent.
934 3299 1003 3374 Ipse
1024 3316 1096 3357 vero
1118 3297 1243 3358 novissi-

157 3423 225 3464 mus
250 3401 379 3481 χωρίζων
408 3403 449 3480 (p.
468 3402 543 3480 738)
571 3401 714 3482 Smyrnae
740 3401 852 3461 incolas
880 3401 950 3462 olim
979 3401 1057 3461 solos
1082 3400 1244 3461 Aeolenses

157 3506 251 3566 fuisse
280 3505 358 3566 dixit
383 3525 411 3582 p.
428 3509 490 3564 456
515 3510 606 3586 atque
628 3506 791 3565 Homerum
816 3504 860 3564 ihi
888 3509 992 3564 natum
1019 3503 1060 3580 (p.
1082 3507 1149 3563 159.
1169 3504 1244 3582 455)

157 3613 316 3690 postquam
337 3609 370 3667 in
384 3608 500 3668 Ioniam
522 3607 676 3684 migrasset
696 3608 730 3669 in
751 3607 823 3667 chio
844 3605 968 3667 Iliadem
989 3606 1129 3684 panxisse
1143 3607 1246 3668 Ionica

158 3711 284 3770 mucoso
312 3731 399 3771 usum
427 3711 484 3771 sibi
513 3711 602 3772 finnt
627 3731 657 3788 p.
675 3715 725 3771 ec.
741 3715 812 3769 418.
831 3705 933 3791 escle.
951 3711 1021 3770 739.
1041 3706 1143 3791 erasa.
1187 3708 1245 3770 sed

157 3818 194 3873 ut
207 3812 333 3891 Smyrna
351 3812 534 3893 aliquantum
555 3813 662 3886 valeat,
684 3818 783 3872 tamen
805 3831 844 3870 ex
860 3812 981 3871 Aeolica
995 3811 1119 3870 Homeri
1138 3818 1244 3888 poetae

160 3915 272 3994 quippe
293 3933 333 3974 ex
355 3914 477 3974 arbitrio
496 3913 655 3975 dialectum
675 3914 802 3972 alienam
816 3913 936 3972 Ionicae
958 3911 1119 3974 elocutioni
1140 3914 1241 3972 inmis-

227 4054 271 4113 27)
288 4053 314 4100 in
331 4052 399 4113 cyclo
417 4049 493 4111 epioe.
510 4049 530 4096 Ι.
547 4063 571 4110 p.
586 4049 727 4097 142-157.
798 4048 841 4106 28)
858 4061 882 4107 p.
898 4047 953 4095 110.

229 4135 273 4204 aa)
290 4139 347 4187 nst.
364 4139 409 4186 na.
428 4136 471 4185 er.
486 4135 509 4183 1.
525 4149 550 4195 p.
564 4135 672 4183 ra-ac.
698 4121 699 4128 ’
741 4129 784 4195 so)
801 4131 861 4179 ibid.
878 4145 903 4191 p.
916 4134 956 4181 as.
975 4133 1015 4180 ra.

228 4223 273 4288 m)
289 4227 386 4286 pers.
405 4224 463 4274 eso.
480 4222 539 4272 uss.
557 4235 582 4282 p.
594 4219 626 4268 11.
644 4221 685 4267 ss.
704 4220 760 4270 ros.
780 4220 836 4266 115.

229 4309 272 4375 32)
289 4324 314 4371 p.
326 4311 390 4359 40⁶2
413 4308 505 4369 „allein
521 4309 547 4355 in
565 4308 612 4355 den
629 4306 734 4354 thden
749 4304 793 4352 des
806 4302 938 4364 jonisshen
956 4302 1041 4351 Theils
1058 4303 1103 4350 der
1119 4303 1241 4352 Bevdlke·
1327 4341 1331 4348 .

161 4407 226 4454 rung
243 4395 276 4444 ist
285 4394 378 4443 Homer
395 4393 533 4455 gehliebsn,
551 4407 579 4442 so
596 4393 668 4454 lange
680 4391 763 4440 Aioler
780 4390 832 4438 und
843 4387 925 4436 Ionier
942 4387 968 4435 in
979 4387 1085 4449 Smyrna
1102 4401 1242 4436 zusammen

160 4480 276 4528 wohuten
293 4480 344 4528 und
360 4481 399 4528 als
421 4481 461 4527 die
478 4481 581 4527 lstatern
598 4478 739 4526 vertrieben
755 4477 870 4535 wurden,
895 4474 969 4534 gierig
994 4474 1037 4521 der
1054 4487 1132 4533 puae
1149 4474 1243 4521 Homer

160 4566 206 4614 mit
222 4567 284 4614 nach
303 4566 431 4627 Colophon
447 4565 497 4612 und
514 4565 572 4612 kam
595 4567 646 4611 erst
670 4564 715 4611 mit
741 4564 788 4611 den
805 4560 904 4609 leniern
921 4559 1012 4607 wieder
1028 4559 1091 4607 nach
1108 4559 1241 4622 Smyrna.“

230 4649 274 4717 85)
290 4652 317 4701 iu
333 4665 435 4714 mamus
453 4651 512 4698 dial.
530 4649 604 4697 Attio.
621 4653 647 4697 et
662 4649 763 4697 Homer.
781 4648 805 4709 ξ.
821 4650 842 4694 1.
859 4661 883 4707 p.
896 4649 919 4694 3.

987 4738 1022 4792 11
