3126 5256
840 745 901 812 132

327 905 442 989 cruopqi
463 896 678 980 ἀλαλύκτημαι·
701 895 784 961 ἐπεὶ
806 891 825 959 δ
846 892 1009 977 ποιητής
1031 901 1186 970 πολλοῖς
1207 897 1414 972 Αίολικοῖς

326 1009 457 1088 χρῆται
478 1002 530 1065 καλ
552 997 676 1082 μάλιστα
692 994 873 1078 ἀλαλήμενος
893 999 944 1062 καί
962 993 1146 1079 ἀκαχήμενος
1165 1001 1219 1080 (sic
1237 1003 1342 1080 scripsi
1358 1023 1412 1079 pro

329 1101 516 1186 ἀκαχήμενος
529 1102 579 1165 καλ
596 1099 770 1182 ἀκάχμενος,
786 1125 815 1165 r.
830 1106 903 1164 Ahr.
917 1124 947 1180 p.
964 1109 1032 1178 144,
1048 1105 1110 1183 20).
1137 1103 1187 1164 Sia
1201 1105 1227 1164 si
1239 1124 1300 1164 non
1311 1124 1415 1164 omnes

326 1214 458 1272 atcerte
485 1209 621 1287 plerique
650 1227 689 1266 ex
710 1205 909 1284 praesentium
935 1205 1051 1274 ratione
1073 1205 1260 1279 accinebant,
1288 1206 1414 1283 perfecti

324 1332 397 1374 vero
418 1309 585 1385 analogiam
606 1308 734 1366 maxime
749 1307 937 1367 Ptolemaeus
953 1306 1123 1366 Ascalonita
1137 1307 1310 1366 defenderat
1330 1308 1413 1366 cuius

325 1414 471 1490 scriptura
498 1427 593 1489 usque
621 1410 658 1468 ad
683 1409 826 1468 Wolfium
856 1409 887 1466 T.
905 1413 965 1467 335
993 1409 1026 1466 in
1054 1408 1235 1468 editionibus
1262 1410 1414 1470 resederat

325 1515 366 1593 (v.
383 1514 480 1573 Beklr.
504 1513 601 1572 achad.
621 1511 710 1570 Hom.
726 1512 750 1569 Ι.
769 1531 798 1587 p.
816 1511 884 1588 72);
914 1511 950 1570 cf.
976 1510 1066 1569 schol.
1094 1507 1119 1568 δ.
1137 1515 1215 1569 806:
1243 1507 1274 1568 οί
1292 1508 1413 1579 πλείους

278 1690 281 1697 Ι
325 1609 497 1692 ἀκάχησθαι
521 1604 563 1682 οάς
583 1607 721 1691 λέγεσθαι
748 1603 789 1680 σάς
810 1609 955 1687 Αἰολικῆς
984 1613 1036 1686 τῆς
1064 1609 1184 1680 κλίσεως
1206 1604 1311 1687 οὔσης·
1340 1603 1359 1671 o‘
1380 1607 1412 1670 δέ

321 1712 538 1790 Ἀσκαλωνίτης
560 1705 602 1784 ἀς
622 1715 815 1788 πεποιῆσθαι.
859 1715 914 1772 Oui
935 1713 1137 1789 adstipulatus
1157 1718 1203 1774 est
1223 1713 1413 1776 Herodianus

324 1823 362 1880 ab
385 1811 475 1893 άλημι
496 1817 571 1892 perf.
595 1833 671 1890 pass.
701 1806 813 1890 ῆλαμαι
840 1811 889 1873 καλ
917 1807 1054 1883 Ἀττικῶς
1081 1808 1228 1890 ἀλήλαμαι
1257 1811 1308 1874 καλ
1336 1807 1413 1874 κατά

324 1913 487 2000 άπέρθεσιν
504 1911 650 1992 ἀλάλημαι
668 1917 806 1976 derivans
826 1917 866 1994 (v.
887 1917 990 1976 Lenta.
1007 1918 1046 1976 Il.
1067 1937 1096 1993 p.
1112 1919 1182 1990 788,
1200 1918 1262 1993 22).
1306 1919 1411 1997 Neque

323 2042 395 2084 vero
418 2021 482 2079 sine
498 2019 598 2098 aliqua
618 2017 754 2078 veritatis
775 2019 873 2093 speeie
894 2038 934 2076 ex
950 2019 1014 2077 eius
1028 2018 1128 2079 verbis
1151 2020 1187 2077 ad
1211 2020 1242 2075 T.
1262 2023 1321 2077 335
1343 2039 1412 2078 oon.-

323 2123 433 2198 legitur
453 2124 608 2179 accentum
628 2119 661 2176 in
682 2118 840 2180 infinitivis
857 2138 873 2176 e
894 2120 1017 2180 notione
1038 2120 1225 2180 usitatiorum
1240 2120 1412 2196 participio·

324 2243 391 2283 rum
413 2241 476 2282 esse
498 2221 663 2298 adpictum:
692 2212 864 2296 ἀκάχησθαι
890 2222 1128 2300 προπερισπᾶκαι
1157 2211 1412 2297 ω’ςλελάπῆσθαι,

326 2323 358 2386 oi
377 2319 410 2384 δέ
432 2314 669 2402 προπαράξυνον
692 2313 732 2390 ὥς
754 2315 898 2382 Αίολικάν
920 2319 952 2382 έν
973 2325 1158 2407 παρατατικῆ
1180 2321 1321 2406 σημασίμ,
1347 2319 1412 2382 έπελ

325 2419 389 2487 cide
410 2422 461 2485 καλ
483 2416 538 2500 τήν
560 2416 745 2499 ἀκαχήμενος
768 2417 893 2502 μετοχήν
914 2418 1069 2500 τοιαύτην,
1099 2416 1145 2494 οἷς
1166 2421 1217 2484 καὶ
1245 2421 1370 2501 έπείσθη
1392 2415 1412 2501 ή

324 2521 501 2609 παράδοσις
524 2545 622 2604 neque
636 2525 700 2601 ipse
716 2526 752 2583 ab
767 2527 824 2585 hac
839 2526 963 2586 descivit
979 2527 1017 2603 (v.
1037 2528 1161 2587 Laroch.
1177 2547 1204 2603 p.
1221 2526 1301 2604 183),
1325 2528 1361 2586 cf.
1378 2547 1409 2584 π.

325 2623 430 2710 ρημάτ.
450 2630 491 2686 Il.
521 2646 550 2702 p.
568 2627 637 2699 788,
662 2632 718 2685 23:
751 2621 875 2684 δύναται
907 2621 1043 2696 ἐνεστώς·
1076 2625 1135 2687 έστι
1167 2622 1223 2708 γάρ
1252 2621 1341 2704 άλημι
1370 2620 1412 2698 οἷς

325 2730 449 2806 τίθημι,
479 2720 581 2802 άλεμαι
612 2718 653 2795 οἱς
674 2725 794 2802 τίθεμαι
819 2723 870 2785 καλ
892 2723 1107 2806 διπλασιασμὸς
1135 2722 1200 2807 μετ’
1228 2723 1412 2800 ἐπεκτάσεως

324 2829 469 2906 Αἰολικῆς
490 2821 634 2904 ἀλάλημαι
655 2827 699 2905 (in
721 2828 810 2888 schol.
834 2848 862 2904 μ.
880 2834 951 2889 284.
973 2830 1015 2890 ΙΙ.
1037 2851 1066 2906 p.
1086 2835 1144 2890 154
1172 2830 1318 2906 φίλησθαι
1339 2851 1409 2890 con·

323 2935 406 3012 tulit)
429 2938 460 2993 et
480 2951 511 2990 π.
534 2934 607 2988 καθ.
628 2948 714 3008 προς.
732 2931 756 2989 I.
778 2950 808 3006 p.
823 2936 882 2990 461
913 2932 949 2990 de
969 2931 1198 2994 indicativorum
1220 2939 1344 2994 accentu
1363 2933 1409 2993 lo·

325 3055 435 3118 quens:
468 3027 505 3092 τά
537 3027 588 3109 μὲν
620 3019 675 3092 οὖν
707 3030 830 3115 βραχείᾳ
858 3028 1088 3113 παραληχόμενα
1116 3029 1407 3114 προπαροξάνονται·

324 3134 444 3218 λέγομαι
465 3137 538 3195 κτλ·
568 3127 604 3192 τά
633 3129 665 3194 δέ
687 3127 776 3208 φάσει
804 3135 906 3218 μακρᾷ
932 3125 1012 3195 άπλά
1033 3127 1105 3195 δ’ντα
1134 3140 1407 3217 προπερισπῶνται·

271 3305 273 3310 ,
322 3244 422 3317 κεῖμαι
449 3227 524 3314 ῆμαι
553 3225 700 3312 ποιοῦμαι
722 3237 849 3315 γελῶμαι
870 3237 996 3298 addidit:
1023 3229 1250 3314 ἀπεσταλμένων
1274 3241 1335 3299 τοῖν
1355 3241 1409 3316 τῆς

323 3338 464 3408 Αἰολίδος
486 3335 649 3408 διαλέκτου,
673 3330 823 3414 ἀκάχημαι
842 3329 898 3416 γάρ
918 3333 970 3396 καί
992 3329 1147 3416 ἀλάλημαι,
1171 3337 1292 3400 καὶτοῦ
1314 3361 1409 3419 παρα-

322 3436 467 3517 κειμένου.
482 3471 525 3481 -
540 3439 587 3495 En
603 3438 674 3496 arati
688 3437 858 3497 testimonia
873 3439 981 3516 quibus
996 3443 1251 3514 grammaticorum
1265 3443 1408 3502 iudicium

322 3545 359 3602 ad
381 3539 547 3599 Aeolismos
569 3538 744 3598 Homericos
764 3542 953 3614 augurandos
971 3541 1059 3601 valde
1085 3543 1217 3618 proclive
1238 3563 1406 3621 cognoscas.

321 3642 468 3724 Equidem
490 3657 569 3696 nunc
591 3639 804 3697 Buttmannum
827 3639 852 3716 §-
869 3645 916 3712 85,
934 3647 963 3699 4.
979 3639 1010 3700 Ἰ.
1033 3662 1062 3718 p.
1079 3648 1149 3703 330.
1180 3645 1204 3722 ξ.
1225 3651 1292 3720 111,
1314 3652 1341 3705 3.
1365 3646 1406 3705 II.

321 3765 350 3821 p.
367 3749 408 3803 42
434 3746 553 3801 secutus
581 3744 685 3800 contra
711 3739 895 3800 Lobeokium
923 3743 975 3822 qui
1003 3745 1154 3804 Aeolicam
1182 3748 1407 3824 productionem

294 3849 482 3906 ‘formarum
510 3835 601 3918 ἀημαι
631 3847 662 3902 et
683 3839 799 3917 δίζημαι
821 3845 995 3919 conparavit
1011 3851 1112 3926 ‚atque
1138 3850 1338 3923 praesentium
1360 3869 1407 3910 re·
1433 3839 1439 3848 ’

321 3946 550 4025 duplicationem
572 3945 691 4004 aliunde
712 3948 826 4004 tutatus
848 3951 894 4005 est
913 3947 1050 4022 diiudico,
1071 3955 1231 4010 retractum
1253 3956 1407 4013 accentum

320 4050 543 4128 participiorum
571 4066 633 4105 non
662 4065 702 4104 ex
727 4046 878 4106 Aeolismo
905 4050 957 4108 sed
986 4069 1002 4106 e
1027 4051 1165 4126 propriae
1194 4053 1325 4113 notionis
1354 4055 1406 4112 ob·

319 4151 431 4214 livione
453 4155 484 4210 et
497 4148 670 4226 principalis
690 4152 784 4210 statua
798 4149 970 4223 mutatione,
993 4152 1082 4212 etiam
1098 4153 1168 4212 inde
1189 4153 1406 4216 infinitivorurn

321 4273 385 4314 esse
406 4251 600 4329 repetendum
615 4250 773 4329 omniaque
794 4269 867 4310 vora
887 4253 1019 4329 perfecta
1040 4257 1077 4313 ad
1097 4255 1251 4330 vulgarem
1265 4257 1407 4316 flectendi

320 4357 466 4415 rationem
487 4351 659 4428 releganda,
690 4371 766 4432 quae
788 4353 929 4413 facillime
950 4355 1027 4416 sicut
1054 4342 1127 4432 ῆμαι
1156 4356 1239 4435 (Dor.
1261 4343 1354 4430 ῆσμαι
1374 4377 1404 4418 v.

319 4457 392 4516 Ahr.
409 4457 451 4516 II.
472 4474 500 4531 p.
519 4455 592 4534 574)
614 4458 646 4514 et
666 4457 765 4530 κεῖμαι
778 4457 980 4532 praesentium
995 4457 1057 4519 vim
1079 4459 1220 4535 adoptare
1242 4455 1404 4531 potuerint.

406 4559 437 4634 3)
459 4557 549 4620 Verbi
566 4555 665 4634 κίχημι
680 4557 790 4621 formas
805 4555 941 4638 ἐκίχημεν
956 4564 987 4619 et
1004 4551 1159 4636 κιχήμενος
1174 4575 1298 4636 quacum
1317 4553 1405 4636 τιθή-
