3424 5386
793 465 833 531 75

260 623 362 695 tati03
384 624 486 702 itaque
509 623 613 682 melius
628 625 725 700 placet
746 623 873 701 suspicio
889 623 986 682 lenem
1008 623 1056 682 vel
1074 623 1234 682 temeritati
1258 643 1354 698 gram-

260 726 446 786 maticorum
474 725 523 786 vel
545 725 719 785 oscitantiae
744 726 934 786 librariorum
961 726 1158 803 inputandam
1180 745 1252 784 esse.
1297 728 1354 785 Re-

260 828 401 887 ctissime
428 827 520 902 igitur
548 834 690 908 quantum
716 827 802 890 video
832 829 998 888 Ahrensius
1017 830 1059 887 ΙΙ.
1089 848 1118 905 p.
1135 833 1195 886 264
1227 847 1294 886 eum
1322 828 1355 886 iu

261 930 426 990 Laconicis
449 931 539 990 etiam
561 937 665 990 contra
689 931 834 990 librorum
855 931 1062 990 auctoritatem
1091 930 1243 991 damnavit
1264 935 1354 1009 atque

261 1033 348 1110 apud
370 1034 534 1093 Homerum
554 1032 673 1112 quidem
689 1033 880 1111 Apollonium
902 1034 995 1092 secuti
1014 1039 1084 1093 suut
1097 1035 1295 1092 Buttmannus
1310 1053 1353 1106 gr.

262 1135 319 1196 Gr.
335 1137 361 1196 Ι.
379 1158 407 1214 p.
424 1141 472 1194 29.
505 1135 696 1195 Thierschius
714 1156 757 1210 gr.
774 1136 824 1196 Gr.
844 1157 872 1212 p.
887 1142 956 1197 338.
986 1136 1159 1214 Spitznerus
1178 1136 1215 1194 ad
1233 1136 1265 1191 Z.
1283 1139 1353 1193 414.

260 1239 420 1298 Beklrerus
434 1239 611 1298 Kuehnerus
625 1260 653 1317 p.
666 1244 728 1298 462
745 1239 921 1309 Larochiue;
944 1238 1117 1298 Dindorflus
1132 1239 1211 1296 solus
1231 1239 1265 1295 Z.
1279 1242 1350 1297 414.

264 1339 303 1400 Θ.
321 1341 391 1400 178.
415 1340 452 1398 Κ.
469 1346 539 1400 448.
563 1331 640 1416 ἇμὸς
662 1361 727 1401 oum
743 1341 892 1400 codicibus
916 1340 1045 1401 excudit.
1087 1340 1133 1398 De
1155 1341 1277 1415 tragicis
1291 1341 1351 1400 for-

262 1449 347 1503 tasse
375 1444 453 1503 idem
480 1445 651 1521 ponendum
681 1451 740 1517 est;
772 1449 902 1504 ceterum
931 1445 962 1502 in
985 1442 1101 1502 saeculo
1125 1443 1229 1522 quinto
1251 1462 1353 1503 veram

261 1547 414 1606 rationem
441 1548 554 1606 formae
581 1547 642 1605 iam
670 1546 871 1606 obfitteratsnn
899 1525 989 1605 fuisse
1016 1551 1106 1624 atque
1128 1565 1265 1624 asperum
1292 1547 1353 1605 leni

262 1649 391 1709 cessisse
413 1649 508 1728 accipi
529 1654 641 1727 potest,
674 1667 760 1728 quern
789 1649 955 1728 explicandi
982 1650 1101 1708 modum
1125 1648 1271 1727 quispiam
1293 1650 1353 1708 for-

262 1752 346 1812 sitan
368 1752 552 1830 praetulerit.
596 1751 707 1812 Tamen
728 1773 835 1813 vereor
861 1758 895 1812 ut
916 1752 1021 1812 merito
1044 1751 1211 1811 Ellendtius
1239 1751 1351 1812 inlex.

262 1854 405 1932 Sophool.
423 1857 447 1914 I.
471 1876 499 1932 p.
512 1860 562 1914 99.
592 1853 736 1914 Doricum
757 1845 834 1929 ἆμὸς
863 1859 892 1915 et
916 1855 1049 1915 Atticum
1070 1847 1146 1928 ἆμός
1168 1854 1353 1929 distinguens

174 1972 188 1990 ‘
262 1956 474 2015 Blomfieldum
489 1956 705 2032 vituperaverit
720 1957 790 2036 quia
804 1958 1022 2018 inconsiderate
1034 1958 1140 2017 Aesch.
1152 1957 1232 2033 Sept.
1249 1979 1277 2017 v.
1291 1963 1351 2016 413

249 2058 353 2134 Ι(417.
371 2058 460 2118 Dind.
478 2057 561 2116 cuius
582 2059 625 2119 ed.
643 2059 680 2117 V.
697 2059 780 2118 Poet.
806 2061 947 2120 scenicor.
973 2066 1090 2120 secutus
1112 2081 1215 2120 versus
1238 2081 1354 2138 semper

264 2160 381 2238 indico)
404 2150 480 2234 α’μὸς
495 2165 599 2220 contra
612 2161 756 2220 disertum
771 2161 947 2222 scholiastae
969 2164 1005 2220 ad
1024 2164 1056 2219 Z.
1069 2168 1130 2221 414
1150 2164 1354 2223 testimonium

265 2263 443 2340 scripsisset.
489 2263 582 2321 Plane
604 2269 703 2322 autem
725 2266 827 2324 eadem
849 2264 1023 2325 condicione
1044 2265 1139 2324 utitur
1160 2267 1255 2326 forma
1277 2257 1353 2340 ὗμὸς

265 2385 345 2446 quae
372 2365 466 2424 solum
494 2371 580 2426 extra
600 2366 740 2428 Doridem
771 2369 848 2446 apud
871 2369 1034 2428 Homerum
1062 2375 1092 2426 et
1120 2369 1199 2446 apud
1224 2370 1353 2444 tragicos

265 2473 375 2530 exstat.
417 2468 587 2532 Dorismum
603 2490 673 2544 ergo
690 2471 741 2550 qui
756 2471 866 2530 dicitur
879 2470 944 2530 iure
961 2473 998 2529 ab
1013 2470 1174 2530 Homerica
1188 2471 1353 2532 elocutione

265 2571 382 2649 pariter
402 2576 493 2650 atque
514 2591 532 2631 a
553 2571 734 2646 tragicorum
756 2573 957 2635 diverbiorum
979 2593 1114 2632 sermone
1136 2572 1266 2633 alienum
1285 2595 1354 2634 con-

264 2673 424 2734 tendimus.
469 2675 634 2734 Ahrensins
649 2677 767 2755 quidem
782 2676 814 2735 in
837 2695 958 2750 gramm
983 2674 1008 2753 §.
1023 2681 1071 2734 39.
1088 2696 1117 2733 n.
1133 2681 1160 2734 6.
1178 2696 1207 2753 p.
1226 2677 1263 2735 37
1284 2665 1362 2736 olim

265 2776 391 2836 Aeolica
412 2776 590 2853 pronomina
612 2777 688 2835 sicut
710 2769 803 2850 ducac
826 2769 898 2850 daur
923 2769 999 2850 ἄμμε
1022 2770 1115 2850 ὔμμες
1143 2778 1233 2837 etiam
1257 2770 1353 2852 ἅμμος

266 2886 300 2940 et
321 2869 418 2952 ῧμμος
440 2877 552 2954 scripta
573 2879 625 2936 sed
645 2878 794 2938 tralaticia
820 2878 949 2937 lectione
977 2879 1148 2938 oblitterata
1170 2899 1234 2938 esse
1257 2880 1352 2957 suspi-

266 2987 352 3042 catus
382 2986 442 3052 est,
473 2980 552 3058 quod
580 2999 677 3058 neque
704 2980 844 3059 autiquae
873 2981 1104 3059 orthographiae
1133 3001 1195 3041 mos
1219 2987 1302 3043 vetat
1323 2988 1354 3042 et

266 3089 394 3165 possunt
415 3083 538 3144 suadere
559 3081 636 3142 lenis
658 3088 689 3142 et
704 3082 829 3163 duplicis
850 3083 968 3143 litterae
983 3106 1003 3160 μ
1019 3084 1146 3159 vestigia
1160 3103 1236 3165 qnae
1258 3085 1290 3144 iu
1306 3105 1353 3145 co·

266 3187 383 3248 dicibus
405 3186 563 3262 adparent;
586 3185 637 3244 sed
659 3190 792 3262 praestat
811 3205 875 3244 rem
898 3205 963 3245 cum
987 3186 1206 3248 Graefenhanio
1229 3208 1351 3264 gramm.

267 3290 337 3350 dial.
353 3289 427 3366 cpio.
444 3309 472 3366 p.
485 3295 525 3350 42
547 3290 580 3348 in
602 3307 745 3366 suspenso
760 3289 938 3368 relinquere.
982 3291 1184 3351 certissimum
1205 3293 1310 3372 utique
1323 3298 1354 3352 et

266 3390 448 3454 tutissimum
474 3393 593 3452 videtur
620 3391 754 3468 accipere
780 3383 855 3467 α’μὸς
882 3410 976 3471 aeque
1002 3415 1040 3454 ex
1062 3395 1163 3454 Attica
1190 3400 1221 3453 et
1248 3395 1353 3455 Ionica

267 3499 369 3556 vetere
391 3494 483 3570 poesi,
506 3495 584 3572 quod
607 3495 642 3554 de
664 3487 723 3552 θεοὶ
745 3495 898 3572 probabile
921 3500 979 3568 est,
1003 3502 1150 3558 servatum
1173 3517 1246 3558 esse.
1269 3531 1311 3542 —-

356 3598 386 3674 5)
408 3597 513 3674 Inepte
530 3596 622 3656 schol.
635 3598 671 3656 P.
686 3598 723 3655 ad
738 3617 767 3672 η.
783 3603 810 3669 8,
826 3604 844 3654 9
863 3592 1021 3675 Ἀπειραίη
1036 3600 1179 3677 Δωρικῶς
1193 3599 1242 3658 vel
1253 3596 1353 3657 Αἰολι-

266 3700 329 3768 κῶς
356 3718 410 3776 pro
436 3690 629 3775 Ἠπειρωτική
649 3699 778 3776 posItum
806 3701 857 3758 sed
877 3692 980 3771 Ἰακῶς
1007 3708 1175 3780 correptum
1203 3721 1267 3760 esse
1289 3701 1352 3779 opi·

267 3807 431 3862 natusest.

355 3906 386 3982 6)
409 3905 482 3964 Cum
495 3903 576 3962 Indis
598 3905 780 3981 proprietate
801 3911 914 3982 pugnat
929 3906 1074 3981 particula
1095 3899 1153 3979 uuir
1173 3923 1261 3984 quam
1276 3906 1351 3965 Bek-

269 4009 357 4066 karus
373 4009 543 4066 constanter
561 4006 779 4079 exterminavit,
804 4008 841 4066 cf.
861 4008 960 4066 sched.
980 4009 1068 4066 Hom.
1086 4010 1109 4066 l.
1131 4029 1159 4086 p.
1175 4013 1224 4066 62.
1249 4009 1351 4069 Fried-

268 4109 397 4170 laender.
420 4109 452 4167 in
467 4108 567 4168 Iabuii
589 4129 658 4170 ann.
674 4131 700 4170 v.
721 4110 769 4169 79.
789 4130 817 4187 p.
832 4115 901 4170 823.
931 4111 1046 4188 Kayser
1060 4109 1092 4168 in
1109 4109 1217 4169 Philol.
1232 4111 1350 4174 XVIII.

269 4233 298 4289 p.
315 4212 385 4272 672.
429 4211 487 4270 Hic
514 4211 608 4284 igitur
635 4214 745 4274 formas
768 4205 826 4286 μὰν
856 4231 943 4291 quarn
969 4213 1060 4273 schol.
1086 4213 1163 4272 Vict.
1185 4213 1222 4272 ad
1249 4215 1282 4274 Ο.
1304 4219 1349 4276 16.

269 4315 404 4373 Eustath.
428 4334 455 4390 p.
474 4318 544 4387 691,
568 4320 607 4373 46
635 4315 774 4374 Doricam
796 4322 1020 4394 nuncuparunt,
1050 4308 1109 4391 μὴν
1138 4311 1191 4391 μὲν
1214 4318 1292 4398 quod
1317 4318 1351 4377 in
