3424 5386
918 449 960 514 22

399 601 491 665 πέντα
505 597 580 664 aar&
600 601 719 674 Αἰολεῖς
735 605 784 682 (of.
802 603 900 664 Treta.
916 605 1012 679 Epex.
1029 604 1064 662 Il.
1084 623 1114 680 p.
1133 609 1181 676 88,
1204 609 1254 663 26.
1273 601 1395 680 Herm.)
1421 603 1526 662 sicut

400 695 494 784 ὦρσεν
515 699 621 788 ἄρσας,
649 726 725 788 quae
746 727 808 766 non
832 703 926 780 magis
947 726 1001 782 pro
1027 697 1161 784 ὥρμησεν
1183 697 1316 782 ἇρμόσας
1332 705 1522 766 Aeolicam

399 825 551 888 syncopen
568 829 655 888 passa
677 829 741 870 esse
765 827 852 888 quam
875 800 940 882 ἷρὸς
962 803 1055 885 ἱρεῐον
1073 805 1164 886 (ἴρηξ)
1183 809 1284 868 docuit
1297 808 1365 884 ipse
1384 807 1521 884 apciora

400 903 441 981 cir
459 909 491 972 ἐν
509 915 550 996 spi
566 902 653 985 ὅφεες
671 903 742 982 ὄφις
760 906 839 976 ἐσμεν
856 900 951 985 εὑρεῖν
967 909 1017 986 (sc.
1031 902 1174 984 'luntario
1187 917 1217 971 r.
1235 910 1355 985 Gregor.
1373 910 1452 969 Cor.
1474 909 1516 986 l.)

401 1019 543 1079 statuens.
586 1017 632 1073 Ac
650 1013 783 1090 profecto
807 1013 906 1090 quivis
923 1013 1000 1071 haud
1016 1013 1162 1072 inmemor
1176 1017 1319 1092 quantum
1335 1011 1514 1071 Aeolicam

399 1135 552 1194 syncopen
574 1115 756 1191 grammatici
777 1115 810 1173 in
832 1113 1139 1186 deliciisbabuerint,
1169 1116 1269 1189 credo,
1295 1115 1373 1174 hanc
1399 1115 1510 1174 solam

399 1218 460 1278 illis
483 1236 599 1280 oausam
624 1217 716 1276 fuisse
738 1216 918 1286 consentiet;
949 1217 1000 1276 sod
1021 1216 1101 1276 inter
1121 1217 1416 1292 pronuntiationem,
1449 1215 1508 1277 vel

401 1311 480 1397 [ερὸς
494 1321 545 1380 vel
566 1310 640 1398 ἴρός,
661 1339 722 1378 non
742 1322 857 1380 tantum
873 1318 1006 1378 *interest
1027 1318 1193 1392 discrimen,
1215 1323 1249 1380 ut
1270 1320 1346 1395 apud
1368 1318 1506 1378 Ionicos

400 1425 503 1498 poetas
519 1425 700 1482 contractam
721 1421 846 1480 formam
863 1420 923 1478 iarn
940 1420 1126 1495 exipsorum
1143 1421 1356 1482 consuetudine
1371 1421 1409 1480 in
1428 1421 1503 1482 vul-

401 1524 480 1599 garis
495 1525 654 1586 stationem
669 1524 825 1582 succedere
842 1521 974 1598 potuisse
992 1542 1053 1582 non
1073 1525 1273 1596 concedamus,
1295 1525 1502 1603 quamobrem

401 1645 462 1685 non
481 1627 639 1706 quicquam
654 1624 746 1684 Gicsii
766 1623 937 1700 opinionem
950 1625 1060 1684 habero
1077 1646 1135 1704 quo
1153 1645 1185 1684 so
1202 1631 1327 1699 tueatur,
1350 1625 1498 1698 arbitror,

402 1726 450 1786 oui
472 1709 690 1803 probabilitatis
711 1725 838 1786 colorem
860 1727 1115 1800 argumentatione
1138 1747 1199 1787 non
1220 1729 1291 1788 satis
1311 1728 1444 1788 induxit.
1494 1771 1497 1775 -

489 1829 520 1907 6)
543 1828 630 1892 Quod
651 1829 729 1904 apud
746 1828 919 1900 Homerum,
941 1833 976 1888 ut
996 1829 1027 1888 id
1048 1828 1187 1888 hocloco
1207 1831 1303 1890 obiter
1318 1836 1430 1904 notem,
1450 1862 1496 1874 —

401 1949 468 1990 nam
490 1930 558 1991 voci
576 1927 671 1998 ἵππος
686 1929 884 1989 adulterinum
901 1949 1037 2005 asperum
1061 1930 1216 1990 inhaerere
1231 1933 1421 1992 notissimum
1446 1937 1495 1992 est

285 2097 289 2104 ,
382 2032 442 2110 ’(ν.
464 2034 566 2107 Giese,
588 2053 617 2110 p.
635 2038 705 2106 332,
729 2033 808 2091 Ourt.
827 2036 898 2104 421,
923 2033 996 2110 641)
1016 2067 1071 2107 -,
1100 2034 1276 2095 nominativi
1298 2034 1416 2094 Aeolici
1438 2035 1492 2113 qui

402 2137 548 2208 dicuntur,
572 2127 683 2194 ἵππόνα
706 2139 736 2194 et
757 2127 907 2209 ἱππηλάτα
929 2155 1075 2215 nusquam
1096 2136 1194 2195 lenem
1216 2143 1400 2212 acceperunt,
1422 2136 1490 2195 iure

401 2237 474 2296 hinc
496 2237 612 2312 conlegi
630 2240 737 2313 potest,
759 2237 979 2297 Alexandrinos
997 2236 1048 2316 qui
1067 2237 1188 2313 spiritus
1208 2238 1415 2314 adpinxerant,
1437 2257 1490 2298 eos

402 2338 554 2398 Aeolismo
576 2339 707 2398 noudum
727 2339 902 2398 vindicasse.

490 2439 522 2517 7)
544 2441 685 2500 Consulto
701 2442 826 2502 verbum
847 2432 947 2518 clypeis
969 2441 1048 2520 quod
1064 2441 1218 2501 Aeolicum
1240 2462 1304 2501 esse
1319 2461 1373 2518 pro
1393 2439 1486 2519 αἱρεῖν

320 2588 322 2592 .
404 2543 587 2603 contendunt
608 2542 648 2619 (v.
664 2541 751 2602 Giose
768 2547 844 2616 234,
867 2543 1064 2621 Ahr.1.25),
1086 2544 1119 2602 in
1138 2564 1197 2622 quo
1216 2563 1352 2621 asperum
1369 2564 1385 2603 e
1405 2550 1485 2604 muta

403 2645 535 2722 litteray
555 2645 745 2723 adtenuatum
764 2664 828 2703 esse
844 2644 988 2706 Christius
1004 2665 1032 2721 p.
1052 2650 1120 2718 109,
1142 2646 1296 2704 Kuhninm
1313 2646 1346 2704 in
1361 2666 1426 2704 ann.
1441 2648 1481 2704 ΙΙ.

404 2768 433 2824 p.
451 2748 513 2805 270
535 2751 667 2820 secutus,
696 2746 805 2820 voluit,
833 2767 926 2826 eaque
949 2732 1024 2828 quae
1051 2748 1088 2807 ab
1110 2749 1167 2808 hoc
1189 2749 1372 2807 descendunt
1392 2748 1482 2821 mitto,

407 2850 477 2928 quia
499 2847 562 2927 §.4
585 2849 761 2926 explicatius
783 2851 818 2908 de
841 2869 876 2908 eo
898 2850 1011 2928 loquar.

484 2953 531 3011 ἸΙ.
561 2953 735 3013 recentioris
755 2952 896 3012 Aeolioae
916 2952 1035 3029 psilosis
1057 2952 1208 3029 exempla:

490 3057 526 3112 A.
572 3055 602 3132 1)
624 3055 663 3113 In
682 3054 908 3132 pronominibus
929 3045 1023 3129 ὔμμες
1045 3046 1120 3129 ὔμμι
1142 3046 1221 3130 ὔμμε
1247 3073 1347 3130 asper,
1378 3054 1425 3134 qui
1450 3053 1480 3112 in

406 3155 486 3232 vulg.
509 3147 595 3232 ripole
614 3156 756 3217 evanidas
776 3159 786 3232 j
811 3156 951 3232 spirantis
967 3155 1033 3216 vice
1049 3157 1185 3231 fungitur
1201 3175 1255 3232 pro
1274 3157 1335 3215 skr.
1354 3157 1481 3232 jusmat

408 3259 508 3338 (aliter
523 3257 621 3318 christ
639 3278 668 3334 p.
684 3263 752 3316 109.
773 3262 831 3316 152
848 3255 967 3334 posuit),
988 3257 1050 3316 leni
1065 3257 1169 3331 cessit,¹
1183 3278 1271 3337 quam
1286 3259 1364 3334 apud
1377 3258 1479 3316 Home·

406 3382 472 3421 rum
495 3379 615 3441 quoque
635 3359 819 3436 grammatici
839 3361 1004 3436 probarunt
1024 3363 1143 3436 praeter
1163 3360 1381 3439 Tyrannionem
1393 3361 1478 3420 Maio-

407 3484 470 3524 rem
492 3483 549 3524 sec.
571 3467 682 3523 auctor.
705 3454 900 3537 macenaria
922 3482 951 3539 p.
968 3467 1045 3521 236:
1071 3455 1105 3520 τὸ
1126 3455 1377 3538 cuibasilicae
1396 3453 1477 3539 cippos

408 3559 572 3626 δασύνεται.
588 3597 630 3608 -
646 3557 724 3640 πλὴν
742 3565 796 3623 τοῦ
811 3556 906 3641 ὔμμες
921 3555 984 3623 oivri
1004 3564 1060 3622 τοῦ
1073 3554 1158 3638 ὖμεῖς
1171 3562 1327 3634 Alatreus.
1351 3555 1417 3622 utut
1430 3556 1476 3623 lai

407 3662 460 3728 τόν
481 3661 544 3726 tva
566 3661 698 3745 ρηθέντα
712 3657 824 3724 κανόνα
846 3657 865 3725 ὅ
884 3664 1056 3745 Τυραννίων
1077 3658 1158 3744 παραὶ
1179 3668 1221 3749 τῷ
1235 3667 1345 3749 ποιητῇ
1367 3659 1475 3725 titanos

405 3765 438 3832 cri
462 3765 565 3846 ὔμμες.
597 3769 637 3846 (v.
656 3768 743 3828 Giose
759 3789 787 3846 p.
805 3773 876 3843 410,
897 3769 1027 3829 Lobeck.
1044 3768 1151 3830 Parall.
1170 3789 1198 3846 p.
1220 3774 1268 3843 34,
1290 3769 1397 3829 Planer
1408 3788 1433 3845 p.
1447 3774 1471 3842 9,

309 3901 317 3908 ·
405 3875 539 3933 bereche
556 3892 585 3949 p.
602 3871 686 3950 369.)

492 3976 525 4034 B.
570 3973 602 4052 2)
625 3975 656 4032 Σ
673 3975 707 4033 in
728 3993 863 4052 asperum
879 3973 1065 4034 debilitatum
1086 3973 1250 4050 reperimus
1270 3973 1303 4032 in
1317 3973 1393 4049 vulg.
1412 3967 1469 4049 ipo,

405 4080 485 4137 hunc
506 4083 604 4137 antam
624 4078 657 4136 in
678 4077 777 4136 lenem
796 4082 941 4138 mutatum
963 4081 994 4136 et
1014 4075 1116 4135 Ionica
1136 4075 1169 4134 in
1191 4067 1298 4151 ἅμαξα,
1321 4081 1351 4135 et
1368 4075 1470 4134 Aeolios

405 4181 438 4240 in
449 4180 609 4241 Homerico
623 4180 763 4240 adverbio
779 4171 897 4255 ἄμυδις,
914 4199 1003 4259 quam
1017 4176 1192 4254 scripturam
1206 4176 1377 4238 Aristarcho
1386 4176 1468 4236 Ptole-

406 4301 489 4343 maeo
505 4283 644 4342 Alexioni
660 4284 813 4358 probatam
828 4280 915 4340 Nicia
936 4285 966 4340 et
980 4278 1140 4356 Pamphilo·
1150 4278 1256 4340 invitis
1276 4279 1327 4357 (cf.
1344 4279 1422 4340 schol.
1435 4281 1466 4340 A.
