3126 5256
684 417 744 480 113

163 565 240 650 ὔμῖν
256 574 291 632 ut
307 589 432 648 sempor,
455 563 549 648 ὔμμιν
564 565 661 630 δοκέει
677 591 704 630 οι.
723 568 872 647 376πβ.
893 575 949 629 141
970 573 1014 649 (v.
1032 574 1101 632 adn.
1120 589 1152 650 p.
1167 574 1258 652 Ι320),

164 665 263 752 ὔμμιν
285 668 393 749 μελέτω
411 670 438 731 ὃ.
458 676 531 732 415.
556 667 640 755 (adn.
658 691 690 749 p.
713 673 804 749 337),
826 663 920 749 ὔμμιν
933 669 1008 732 εἰίιω
1031 693 1060 749 μ.
1081 676 1155 736 272.
1173 677 1255 752 (adn.

164 796 198 853 p.
218 775 311 852 388),
346 766 440 849 ὔμμιν
466 766 629 852 Πρόμαχος
651 767 684 837 Ξ.
706 778 768 832 482
788 777 831 853 (v.
859 773 1020 834 Graeienh.
1047 776 1085 834 de
1110 774 1181 836 dial.
1195 797 1256 854 cp.

165 898 202 954 p.
222 878 291 954 76),
313 876 392 936 sicut
405 875 439 934 in
456 875 516 935 fine
533 875 574 933 u.
596 881 645 933 33.
668 872 695 934 δ.
713 881 766 935 94.
813 874 928 939 Quibus
944 875 977 935 in
995 875 1063 936 aliis
1080 874 1153 934 locis
1169 875 1259 936 etiam

165 977 297 1054 vestigia
312 979 367 1053 τῆς
383 974 527 1052 Αἰολικῆς
544 968 731 1052 ὔνιονυμίας
750 977 820 1037 olim
838 977 951 1038 fuemnt
969 977 1020 1039 vel
1033 995 1113 1036 nunc
1130 975 1163 1036 in
1180 977 1260 1036 codi-

167 1079 252 1140 cibus
273 1079 450 1138 delitescant
469 1078 554 1137 latet.

171 1201 184 1214 ·
252 1179 447 1240 Recentiores
470 1179 564 1254 igitur
587 1179 640 1258 qui
662 1199 764 1239 causes
786 1179 969 1266 diversitatis
991 1182 1170 1242 studuerunt
1191 1199 1261 1240 exa·

168 1280 283 1342 minare
308 1299 408 1340 omnes
427 1281 464 1340 ad
481 1301 573 1340 unum
589 1281 726 1340 Aeolicus
746 1281 855 1339 formas
879 1281 939 1340 nisi
957 1285 1051 1341 metro
1075 1283 1261 1342 confirmatas

167 1384 311 1444 viderunt
334 1383 527 1459 expellendas
546 1401 610 1441 esse
629 1387 817 1442 censuerunt.
863 1381 935 1442 Post
952 1383 1124 1442 Bekkerum
1146 1383 1261 1443 scilicet

169 1483 221 1563 qui
244 1484 278 1544 in
293 1484 384 1543 w011.
407 1483 498 1544 Hom.
522 1501 602 1545 cens.
617 1483 754 1544 Aeolicus
779 1471 902 1560 propter
924 1488 1085 1545 retractum
1108 1489 1260 1544 accentum
1313 1523 1314 1528 κ

167 1585 362 1664 ultimamque
394 1585 515 1644 brevem
547 1585 584 1644 ad
610 1584 735 1644 anolisin
763 1587 986 1662 exprimendam
1014 1584 1109 1662 magis
1138 1584 1261 1644 idoneas

170 1707 234 1747 esse
255 1685 402 1746 indicavit
419 1703 528 1763 eaeque
551 1705 579 1742 οι.
597 1686 668 1748 373.
692 1688 763 1746 376.
786 1685 814 1763 β.
833 1692 902 1748 141.
925 1685 953 1747 δ.
971 1692 1020 1746 94.
1044 1692 1115 1748 415.
1138 1707 1168 1763 μ.
1188 1688 1259 1748 272.

169 1788 373 1848 commendare
396 1805 456 1846 non
474 1785 637 1859 dubitavit,
659 1786 826 1848 Skrzcozka
838 1789 890 1866 84)
913 1789 956 1850 sic
977 1791 1109 1866 regulam
1128 1788 1262 1850 instituit

170 1892 206 1950 de
228 1889 352 1962 dativis,
374 1894 409 1948 ut
425 1887 570 1948 inclinata
592 1888 767 1966 pronomina
783 1889 894 1968 ubique
914 1877 987 1966 ἧμιν
1005 1878 1077 1966 ὗμιν
1096 1891 1262 1950 scriberen·
1281 1919 1283 1924 ·

169 1995 219 2051 tur
241 1991 293 2051 sed
313 1981 408 2066 ὔμμιν
424 1981 519 2066 ὔμμιν
536 1993 605 2048 anto
628 1990 746 2049 vocales
768 1991 813 2048 ibi
830 1990 925 2050 solum
945 1995 1127 2066 ponerentur
1146 1991 1200 2050 ubi
1217 1996 1261 2051 to·

170 2111 243 2153 nore
262 2111 323 2152 non
340 2091 484 2152 inclinato
501 2090 616 2166 syllaba
633 2090 720 2151 brevi
737 2110 811 2166 opus
830 2095 922 2163 esset,
943 2109 960 2150 e
980 2109 1039 2168 qua
1056 2083 1149 2165 ὔμμιν
1165 2093 1261 2152 solum

77 2204 86 2224 ·
171 2190 203 2258 Ξ.
221 2199 259 2252 85
281 2185 376 2270 ὔμμιν
398 2191 438 2250 N.
458 2196 511 2250 95.
535 2189 564 2267 β.
583 2195 656 2250 320.
681 2191 705 2250 l.
727 2197 800 2250 336.
825 2191 965 2252 toleravit
979 2191 1154 2271 reliquaque
1170 2193 1261 2253 libra·

169 2295 281 2355 riorum
306 2293 480 2355 oscitantiae
504 2292 671 2369 inputavit3
706 2283 820 2370 ὔμμιο
847 2293 907 2354 fine
924 2313 963 2358 ν.
994 2295 1032 2352 Κ.
1060 2296 1111 2354 70.
1143 2294 1262 2372 praedi·

171 2401 235 2458 cata
254 2395 396 2474 opinione
417 2393 512 2470 magis
535 2414 623 2473 quem
646 2395 761 2456 ratione
781 2395 909 2474 expulit.
955 2397 1052 2458 Multo
1076 2396 1195 2475 longius
1214 2397 1261 2458 ilii

170 2496 334 2576 suspicioni
357 2517 445 2576 quam
470 2497 584 2558 acutius
610 2517 698 2576 quam
721 2499 828 2584 sobrie¹
843 2506 1021 2576 accaperunt
1039 2499 1167 2561 indulsit
1185 2501 1260 2561 Din-

170 2600 288 2684 (lortius¹
302 2599 336 2658 iu
358 2598 398 2658 Il.
422 2600 517 2676 praef.
546 2619 578 2674 p.
599 2601 769 2660 ΙΧ-ΧΙΙ
792 2601 846 2681 qui
869 2593 964 2678 ὔμμες
985 2603 1019 2660 in
1045 2601 1107 2660 fine
1133 2597 1165 2666 Ξ.
1183 2607 1257 2662 481.

172 2700 214 2759 Ω.
233 2706 305 2760 242.
327 2701 497 2776 repudiavit
512 2708 602 2780 atque
618 2703 726 2759 formas
748 2700 849 2759 littera
865 2721 883 2758 ν
901 2706 1001 2759 auctas
1018 2720 1138 2776 prorsus
1158 2721 1261 2778 suspe·
1308 2695 1311 2700 “

171 2801 267 2862 clarit
286 2801 357 2879 quia
373 2821 452 2875 „non
475 2806 538 2860 erat
555 2819 607 2859 cur
622 2805 727 2874 poetae
750 2799 843 2874 epici,
865 2819 932 2858 cum
949 2799 1120 2875 saepissime
1135 2791 1207 2874 ἡμίν
1230 2805 1262 2859 et

171 2893 243 2978 ὔμίν
267 2901 414 2970 dicerent,
443 2899 496 2957 ubi
519 2890 657 2957 trochaeo
681 2917 755 2973 opus
780 2902 872 2970 esset,
902 2899 1005 2972 paucis
1029 2898 1205 2977 quibusdam
1227 2899 1260 2958 in

170 3003 244 3062 locis
264 3001 302 3060 ad
320 2998 443 3056 Aeolica
465 2997 518 3056 ilia
538 2990 630 3072 ὔμμιν
650 3003 680 3056 et
699 2989 791 3072 ὔμμιν
811 2997 875 3056 sine
898 2998 959 3056 ulia
983 2999 1098 3059 ratione
1120 3001 1260 3076 confuge-

171 3107 252 3175 rent,
275 3104 326 3161 ant
345 3099 424 3178 quod
440 3097 573 3174 ineptius
595 3100 685 3158 etiarn
703 3102 794 3171 esset,
818 3089 912 3174 ὔμμιν
931 3106 961 3160 ct
978 3094 1071 3179 ὔμμιν
1088 3102 1261 3178 scriberent,

171 3204 225 3263 nbi
249 3203 364 3280 syllaba
385 3199 479 3259 altera
494 3206 630 3277 correpta
651 3221 690 3260 ne
713 3221 788 3278 opus
806 3201 927 3280 quidem
949 3211 1041 3278 esset,
1063 3207 1116 3264 sed
1133 3210 1260 3282 metrum

172 3305 324 3381 vulgarem
346 3305 439 3363 ferret
457 3303 612 3377 formam“;
644 3306 723 3383 quod
743 3323 814 3366 vero
835 3321 900 3362 cum
920 3304 1025 3365 docere
1043 3307 1135 3366 vellet
1152 3308 1260 3386 quibus

172 3404 287 3481 legibus
303 3406 463 3464 formarum
478 3405 661 3483 pronominis
678 3407 866 3466 Aeolicamm
885 3423 955 3463 usus
968 3405 1002 3465 in
1017 3408 1101 3482 poesi
1115 3409 1202 3484 opica
1214 3429 1260 3468 re-

176 3511 292 3582 geretur
325 3508 362 3566 ad
392 3507 519 3580 tragicos
542 3508 710 3582 revocavit,
742 3507 854 3585 ineptit
872 3504 942 3584 quia
965 3505 1018 3564 illa
1038 3507 1097 3566 tria
1123 3511 1261 3585 exempla

173 3625 273 3667 rursus
307 3610 345 3667 ad
368 3607 558 3667 Homericam
587 3608 784 3668 imitationem
808 3609 944 3667 redeunt.
996 3605 1139 3670 Quamvis
1166 3609 1260 3684 igitur

174 3708 272 3788 quivis
291 3708 429 3770 librarios
451 3727 539 3786 saepe
555 3710 687 3786 potuisse
704 3731 721 3769 a
738 3728 809 3770 vero
827 3711 962 3769 aberrare
984 3711 1137 3782 concedat,
1159 3714 1259 3768 temen

173 3809 227 3870 hac
245 3829 277 3870 re
298 3807 380 3870 nullo
403 3813 489 3872 modo
511 3831 561 3871 eos
578 3829 694 3887 semper
709 3829 821 3896 errasse
840 3811 999 3873 evincitur.
1044 3809 1123 3870 Mihi
1138 3808 1259 3889 quidem

239 4061 286 4126 34)
303 4064 333 4110 In
350 4079 439 4112 comm.
457 4062 505 4124 „de
530 4063 623 4113 tenoris
642 4064 802 4112 inclinatione
819 4065 992 4126 pronominum
1010 4065 1023 4113 1
1048 4069 1073 4112 et
1089 4065 1114 4111 11
1136 4077 1257 4126 personae

171 4145 334 4207 pluralium‚“
352 4163 416 4208 quae
432 4149 526 4198 inserta
543 4154 581 4200 est
593 4149 707 4198 Scabodii
725 4153 750 4196 et
761 4149 848 4198 Johnii
866 4163 922 4197 ann.
942 4151 992 4197 vol.
1011 4149 1118 4210 suppli
1134 4163 1160 4210 p.
1172 4149 1257 4198 541-

173 4229 222 4278 558
241 4230 338 4296 (1881).
1008 4245 1012 4254 “

1034 4324 1051 4375 8
