3424 5386
915 387 957 454 20

394 544 456 622 40),
479 546 567 604 nimis
583 544 659 604 desit
679 546 744 606 veri
759 547 885 623 species;
909 547 944 604 de
966 546 1078 606 formae
1100 538 1177 624 ἇμὸς
1198 547 1305 624 spiritu
1319 547 1403 607 infre
1421 549 1507 607 bre-

393 648 472 707 viter
493 667 648 724 exponam.
683 645 708 726 5.
726 653 754 722 9,
777 655 805 707 4.

479 749 511 826 2)
535 741 673 826 Εὕκηλος
695 754 726 808 et
747 741 834 808 εὔαδε
855 769 932 830 quae
954 752 1136 827 grammatici
1157 754 1217 812 huc
1235 754 1371 836 referunt
1395 751 1502 830 (Ahr.

393 873 422 930 p.
440 858 489 913 21.
507 873 536 911 n.
553 852 594 929 3),
616 852 787 930 antiquiora
802 857 871 912 sunt
885 861 973 933 quain
988 857 1023 914 ut
1037 873 1102 914 cum
1118 873 1222 932 aspero
1245 853 1419 914 scribantur
1437 853 1501 933 qui

395 962 500 1033 postea
521 956 639 1014 demum
663 973 679 1012 e
702 953 892 1015 delitescente
916 956 1061 1031 digammo
1084 957 1233 1030 remansit,
1261 976 1290 1017 v.
1315 953 1340 1034 5.
1357 961 1388 1016 3.
1414 956 1443 1014 Ι.
1470 961 1500 1014 l.

396 1059 447 1119 sed
462 1057 537 1116 illud
552 1075 649 1135 neque
663 1055 817 1115 Aeolicum
832 1077 930 1138 neque
947 1077 1001 1134 pro
1018 1053 1147 1134 Fs'nploc
1161 1063 1214 1131 est,
1238 1058 1274 1118 cf.
1291 1057 1317 1136 ξ.
1334 1063 1361 1118 3.
1380 1059 1495 1118 111.2.

480 1158 512 1236 8)
533 1157 722 1217 Herodianus
743 1159 819 1218 bene
836 1161 937 1236 lapsus
959 1165 1005 1220 est
1026 1180 1093 1220 cum
1119 1159 1151 1218 T.
1171 1164 1210 1218 80
1231 1153 1392 1237 ὑββάλλειν
1415 1179 1495 1236 pro-

363 1317 364 1320 ,
394 1261 543 1341 posuisset
564 1279 595 1319 π.
615 1262 721 1320 codol.
747 1281 797 1340 πρ.
814 1264 839 1322 Ι.
858 1266 917 1321 545
935 1266 966 1321 ct
984 1252 1030 1319 ²11.
1050 1281 1100 1339 πρ.
1116 1263 1158 1321 ΙΙ.
1180 1283 1208 1339 p.
1228 1267 1284 1322 111
1310 1263 1492 1339 disputans:

395 1359 430 1424 τό
453 1357 586 1438 dadano
605 1358 708 1434 λέξεως
729 1355 820 1441 ἄρχον
842 1357 998 1422 δασύνεται
1020 1355 1096 1440 πλὴν
1115 1365 1176 1423 τῶν
1189 1361 1348 1424 Αἰολικῶν.
1367 1357 1406 1424 ,sd
1430 1356 1492 1440 ὕβ-

397 1460 512 1544 βαλλειν
527 1461 688 1542 palatios·
711 1463 771 1525 ἔστι
785 1459 844 1548 yolo
856 1457 1009 1524 Αἰολικόν.
1044 1467 1163 1527 Scilicet
1180 1486 1311 1545 apocope
1328 1465 1490 1543 praeposi-

394 1571 511 1630 tionum
537 1586 613 1648 quae
639 1569 672 1626 in
694 1567 818 1626 Aeolide
839 1568 982 1627 latissime
1003 1569 1113 1644 viguit,
1143 1575 1244 1629 tamen
1271 1589 1326 1645 per
1347 1569 1488 1628 omnium

395 1672 586 1732 dialectorum
608 1671 836 1729 consuetudines
855 1671 1035 1728 fundebatur
1050 1671 1238 1750 maximeque
1258 1671 1356 1746 poetis
1369 1670 1488 1729 usitata

392 1774 459 1847 fuit,
482 1792 549 1831 eum
564 1772 597 1829 in
613 1772 691 1830 hanc
704 1770 903 1847 suspicionem
920 1771 1057 1848 abripuit,
1081 1792 1156 1853 quae
1171 1773 1238 1832 aliis
1253 1773 1343 1832 etism
1358 1770 1484 1848 placuit,

395 1877 432 1936 cf.
449 1870 518 1953 περὶ
533 1865 637 1951 Ὁμήρ.
654 1871 727 1932 dial.
749 1892 778 1949 p.
794 1874 865 1946 478,
887 1874 969 1932 Eust.
992 1875 1080 1948 1172,
1105 1879 1153 1934 39.
1176 1875 1212 1934 de
1230 1874 1338 1951 spiritu
1354 1873 1483 1934 voculae

393 1969 455 2038 ὑπὸ
478 1977 527 2057 (of.
544 1976 615 2054 upa)
637 1996 665 2035 v.
686 1976 766 2035 curt.
785 1996 813 2052 p.
829 1977 900 2034 ατε.
920 1982 990 2035 640.

479 2081 511 2158 4)
535 2079 714 2138 Scholiastes
743 2079 780 2136 ad
808 2079 845 2135 E.
867 2080 927 2138 487
957 2079 1140 2138 Hesiodeum
1170 2078 1370 2138 accusativum
1401 2067 1480 2150 ἄψιν

394 2183 428 2261 (ε.
445 2185 519 2262 426)
542 2181 596 2260 qui
611 2179 763 2239 Aeolicam
776 2179 938 2240 flexionem
953 2181 1095 2259 sequitur,
1118 2180 1159 2256 (v.
1173 2180 1336 2239 Herodian.
1353 2199 1383 2238 π.
1403 2176 1477 2250 atio.

395 2275 515 2360 inopte.
534 2282 574 2341 Π.
589 2302 618 2358 p.
633 2284 703 2355 reo,
722 2288 834 2356 ε-ιε,
858 2283 1019 2358 soettling.
1035 2284 1071 2342 ae
1084 2283 1115 2355 1,
1140 2283 1211 2340 Ahr.
1229 2283 1254 2341 Ι.
1268 2302 1297 2358 p.
1314 2287 1381 2356 113,
1403 2302 1432 2340 n.
1449 2287 1476 2354 ε,

394 2389 427 2448 iu
445 2384 706 2446 commentatione:
728 2386 801 2443 iiber
817 2385 865 2443 die
879 2386 1037 2460 Mischung
1060 2385 1112 2443 der
1125 2383 1261 2444 Dialecte
1281 2384 1314 2442 in
1332 2385 1384 2443 der
1400 2383 1476 2460 grie-

394 2488 534 2550 chischen
555 2486 650 2564 Lyrilr
673 2505 749 2566 quse
771 2492 816 2546 est
835 2487 869 2544 in
891 2487 964 2546 actis
985 2492 1149 2546 conventus
1168 2485 1387 2562 philologorum
1404 2485 1474 2544 Ger-

394 2589 510 2650 maniae
526 2589 606 2647 XIII
629 2588 787 2664 Gottingae
807 2589 902 2649 habiti
924 2608 953 2665 p.
975 2593 1108 2648 55-80,
1131 2589 1195 2648 edd.
1218 2607 1243 2649 a.
1266 2592 1354 2646 1853.
1376 2607 1403 2664 p.
1422 2588 1472 2664 73)

393 2691 555 2769 respiciens
570 2691 695 2749 formam
712 2690 901 2750 Homericam
917 2684 1006 2765 ἀψῖσι
1020 2687 1169 2758 Αἰολικῶς
1183 2689 1244 2748 leni
1257 2689 1397 2767 scriptam
1411 2707 1472 2749 esse

394 2795 504 2867 retulit,
527 2793 576 2852 cui
591 2792 722 2867 vulgaris
739 2793 827 2852 lectio
846 2793 956 2873 aliique
973 2793 1156 2868 grammatici
1178 2792 1302 2868 (Herod.
1322 2811 1353 2850 νε.
1372 2793 1471 2851 sodet.

393 2918 444 2975 πρ.
460 2898 485 2955 Ι.
508 2915 537 2972 p.
555 2899 625 2966 539,
650 2899 676 2952 8.
699 2914 730 2952 π.
748 2887 873 2974 ὄρθογρ.
891 2895 932 2954 II.
949 2900 1019 2968 480,
1044 2897 1105 2973 32),
1129 2914 1264 2971 asperum
1278 2895 1471 2956 vindicarunt.

394 3000 505 3058 'lamen
525 3001 561 3055 ut
580 2995 656 3054 lenis
673 2996 797 3077 reliquis
816 2997 995 3057 testimoniis
1009 2998 1197 3056 confirmatus
1215 3015 1303 3076 quem
1319 3017 1397 3056 nunc
1414 2998 1470 3056 edi-

394 3107 474 3160 tores
492 3101 701 3174 probaverunt,
719 3099 808 3158 stiam
823 3099 902 3174 apud
915 3098 1079 3158 Homerum
1095 3119 1135 3158 ex
1149 3098 1300 3157 Aeolismo
1315 3104 1468 3176 repetetur,

392 3201 544 3260 Hesiodea
562 3200 701 3259 formatio
718 3201 831 3260 nullam
850 3219 967 3260 causam
985 3202 1131 3274 admovet,
1154 3201 1204 3260 sed
1221 3200 1292 3279 quia
1312 3202 1397 3260 radix
1416 3194 1469 3258 ἆπ-

395 3306 432 3363 ab
447 3301 534 3361 initio
556 3301 736 3378 aspiratione
756 3304 850 3363 caruit
863 3301 940 3373 nihil
954 3304 1053 3362 obstat
1069 3303 1227 3381 quominus
1247 3302 1397 3382 antiquam
1414 3305 1469 3380 psi-

393 3407 471 3469 losin
491 3405 572 3464 Iadis
591 3405 686 3482 ipsius
707 3405 857 3482 propriam
877 3405 970 3464 fuisse
992 3409 1162 3464 statuemus.
1194 3404 1243 3482 (cf.
1262 3404 1348 3464 Giese
1367 3426 1394 3483 p.
1411 3411 1466 3464 414

392 3507 529 3585 -41c.)

480 3611 510 3688 5)
533 3610 640 3670 Nescio
659 3630 696 3669 an
718 3612 777 3669 huc
794 3610 921 3670 referam
937 3629 1041 3670 vocem
1060 3603 1138 3689 ϊερός
1157 3609 1240 3669 ouius
1257 3629 1392 3686 asperum
1406 3611 1468 3685 sie-¹

393 3715 454 3774 sius
466 3735 495 3792 p.
508 3717 570 3773 410
586 3718 709 3789 propter
719 3713 849 3790 Hesych.
867 3712 994 3788 glossam
1008 3709 1143 3788 βείρακες
1157 3707 1271 3787 ἱέρακες
1289 3732 1306 3771 e
1321 3713 1463 3786 digamma,

392 3816 444 3875 alii
465 3817 625 3877 secundum
642 3814 741 3890 indog.
760 3815 852 3872 isaras
863 3841 906 3864 =
918 3806 1002 3891 ἰαρός
1023 3813 1163 3874 sibilante
1179 3815 1359 3890 transposita
1380 3815 1463 3891 expli-

392 3925 530 3992 cuerunt,
561 3917 679 3976 Curtius
701 3922 799 3976 autem
820 3916 1021 3993 postgenitum
1043 3917 1149 3975 habuit
1170 3907 1358 3995 (51.11μμες),
1386 3937 1463 3997 quem

391 4039 500 4100 sequor
512 4020 582 4100 quia
592 4019 714 4094 longum
729 4040 750 4091 ι,
770 4021 848 4099 quod
863 4038 951 4096 saepe
965 4021 1044 4095 apud
1056 4018 1220 4077 Homerum
1232 4024 1331 4079 exstat
1342 4019 1381 4098 (v.
1393 4015 1462 4098 ἱερὸν

390 4108 471 4201 ἦμαρ
493 4123 559 4196 alia,
582 4123 618 4182 cf.
637 4122 728 4182 schol.
751 4123 787 4180 ad
813 4121 852 4179 Π.
868 4123 928 4181 407
938 4145 945 4181 :
968 4112 1048 4196 isoio
1071 4112 1183 4196 ἰχθύν·ι
1196 4115 1270 4198 λέγει
1292 4115 1415 4202 Τρύφων
1434 4120 1461 4182 ἐν

391 4227 454 4293 τοῖς
481 4220 548 4306 περὶ
579 4216 701 4306 ἀρχαίας
732 4217 926 4303 ἀναγνώσεως
955 4217 1006 4283 δια
1035 4215 1068 4281 sci
1100 4215 1153 4281 τόν
1180 4215 1308 4300 ποιητὴν
1337 4221 1460 4285 ἐκτείνειν
