3424 5386
791 1243 901 1338 Pars
931 1243 1067 1367 prior.

573 1418 751 1497 Recensio
777 1416 1015 1517 vestigiorum
1042 1413 1283 1494 Aeolicorum.

601 1605 628 1684 ἓ.
654 1611 679 1664 l.
723 1607 774 1664 De
796 1608 955 1665 accentu
976 1604 1258 1681 praemonenda.

475 1725 599 1800 Singula
625 1725 749 1784 Aeolica
775 1723 903 1799 vestigia
932 1742 1008 1803 quae
1036 1723 1069 1782 in
1096 1722 1266 1783 Homericis
1294 1719 1486 1781 carminibus

389 1827 531 1902 leguntur
559 1829 613 1886 rub
643 1845 768 1886 examen
796 1826 916 1886 vocanti
941 1826 1096 1885 exordium
1123 1825 1206 1885 dedit
1232 1829 1372 1884 accentus
1394 1823 1485 1883 cuius

389 1927 466 1988 ratio
494 1949 555 1988 non
584 1928 643 1988 alio
668 1929 861 1989 fundamento
887 1929 994 1989 nititur
1022 1928 1081 1988 nisi
1107 1926 1364 2004 grammaticorum
1392 1943 1483 2002 prae·

388 2029 493 2107 ceptis.
535 2031 655 2091 Scilicet
671 2049 710 2089 ne
724 2049 795 2091 vera
808 2031 1011 2108 pronuntiatio
1025 2031 1146 2106 linguae
1161 2029 1289 2089 Graecae
1304 2026 1482 2087 emorientis

389 2133 479 2208 plane
501 2152 517 2191 e
540 2133 682 2193 memoria
699 2140 896 2207 evanesceret,
918 2133 1048 2193 carmina
1068 2132 1149 2193 notis
1169 2129 1350 2209 prosodiacis
1372 2129 1479 2188 distin-

390 2235 556 2308 guebantur
574 2235 600 2294 si
613 2234 712 2294 minus
726 2237 762 2294 ab
777 2235 977 2312 Aristophane
991 2235 1137 2313 Byzantio
1153 2231 1288 2314 quamvis
1302 2235 1478 2291 accentuum

389 2336 547 2397 inventore
570 2337 662 2410 dicto,
685 2340 716 2397 at
736 2337 865 2396 maxime
887 2338 924 2395 ab
945 2337 1117 2396 Aristarcho
1131 2337 1160 2413 ¹)
1181 2340 1272 2414 atque
1293 2353 1311 2392 a
1332 2331 1477 2410 posterio-

389 2438 473 2498 ribus
501 2438 553 2518 qui
574 2438 653 2498 haud
680 2458 746 2498 raro
773 2439 898 2499 multum
920 2439 1042 2499 arbitrio
1065 2437 1188 2514 grassati
1216 2441 1287 2496 sunt
1312 2441 1344 2496 et
1361 2433 1472 2512 ineptis

389 2539 509 2600 iudiciis
534 2540 721 2600 indulserunt
748 2559 823 2619 quae
852 2542 889 2600 de
915 2560 1022 2602 vocum
1042 2540 1219 2600 formatione
1247 2543 1337 2618 atque
1359 2537 1471 2614 origine

389 2645 529 2703 fecerant.
573 2645 679 2722 Itaque
701 2663 767 2702 curn
783 2648 956 2702 accentuum
971 2641 1104 2701 condicio
1118 2640 1254 2717 intellegi
1274 2645 1402 2722 nequeat
1415 2637 1471 2698 nisi

389 2746 425 2804 de
453 2745 558 2805 formis
584 2745 658 2822 ipsis
682 2745 843 2822 disputatio
869 2744 920 2817 fit,
952 2764 1039 2824 quarn
1065 2745 1258 2825 sequentibus
1283 2740 1469 2819 paragraphis

389 2847 558 2922 instituam,
587 2850 645 2909 hoc
673 2848 737 2908 loco
766 2846 952 2925 paucissimis
978 2865 1029 2908 eos
1058 2847 1110 2926 qui
1132 2847 1169 2906 ad
1190 2844 1325 2906 Aeolidis
1344 2843 1468 2920 regulam

391 2953 539 3024 spectant,
560 2950 707 3010 indicabo.

475 3051 638 3111 Aeolenses
660 3052 753 3127 igitur
767 3055 804 3111 ab
820 3052 957 3111 omnibus
973 3051 1092 3111 Graecis
1108 3051 1258 3111 distabant
1279 3049 1357 3128 quod
1371 3065 1464 3108 accen·

392 3155 440 3210 tus
462 3170 480 3209 a
500 3151 689 3213 finexvocum
710 3173 799 3232 quam
820 3154 948 3212 maxime
969 3157 1159 3212 retraxerunt
1172 3151 1305 3229 exceptis
1326 3149 1464 3227 praeposi·

391 3252 524 3312 tionibus
546 3260 577 3313 et
598 3253 871 3327 coniunctionibus,
899 3274 958 3333 qua
977 3273 1011 3312 re
1032 3252 1154 3313 ultimae
1176 3254 1306 3332 syllabae
1328 3253 1463 3312 interdum

392 3355 614 3416 mutilabantur.
657 3356 741 3414 Haec
761 3375 834 3416 vero
856 3351 990 3435 βαρύτης
1010 3355 1070 3414 τῶν
1091 3347 1187 3414 τόνων
1215 3375 1303 3436 quarn
1328 3354 1460 3415 scholast.

391 3457 427 3516 in
448 3457 543 3518 Bekk.
566 3459 668 3518 anecd.
686 3478 728 3532 gr.
745 3459 786 3517 II.
808 3478 837 3535 p.
854 3465 924 3532 662,
948 3464 988 3517 28
1011 3457 1053 3540 τῷ
1073 3458 1126 3533 τῆς
1147 3456 1251 3534 φωνῆς
1271 3447 1460 3536 ἅρχαιοτρόνῳ

393 3559 545 3636 explicuit,
567 3561 748 3620 recentiores
769 3566 868 3620 autem
889 3562 1064 3640 plerumque
1077 3565 1201 3637 propter
1218 3560 1339 3636 linguae
1353 3558 1460 3618 Latinae

393 3681 460 3720 curn
474 3662 599 3722 Aeolide
621 3663 827 3739 cognationem
848 3683 936 3744 quam
957 3663 1077 3740 plurimi
1099 3663 1315 3739 praedicabant,
1338 3665 1367 3721 at
1384 3679 1458 3720 nemo

394 3763 529 3826 sollerter
560 3765 787 3838 demonstravit,
820 3785 859 3825 ex
888 3765 1094 3846 antiquissima
1121 3765 1225 3842 lingua
1252 3765 1415 3841 repetebant
1424 3762 1456 3838 ἵ),

393 3869 503 3929 rectius
525 3869 562 3927 ad
583 3868 765 3954 recentiores
791 3868 909 3928 dialecti
931 3867 1069 3928 Aeolicae
1091 3868 1288 3946 proprietates
1313 3865 1457 3926 revocanda

465 4039 491 4098 l)
508 4037 538 4084 V.
557 4037 690 4100 Gcettlirrg.
709 4039 740 4086 de
757 4043 849 4087 secent.
866 4054 890 4100 p.
905 4041 944 4088 10.
961 4065 996 4076 -
1018 4039 1107 4086 Lehrs.
1124 4037 1199 4086 Arist.
1216 4053 1241 4099 p.
1254 4037 1304 4086 2ῡο
1316 4049 1352 4096 sq.
1376 4033 1453 4092 Nauck,

395 4121 521 4183 Aristoph.
543 4138 568 4186 p.
583 4127 622 4176 10.
656 4125 735 4172 Lenta
758 4125 837 4186 prasi.
861 4126 893 4172 ad
909 4124 1046 4173 Herodiani
1063 4122 1180 4171 'l'cchuici
1200 4123 1288 4184 reliqu.
1311 4135 1336 4182 p.
1348 4119 1453 4168 xxxma

463 4211 490 4271 t)
507 4210 538 4258 cf.
557 4208 690 4271 Goettling.
707 4225 732 4270 p.
746 4211 785 4257 28.
816 4210 925 4258 Boeclrh.
945 4210 976 4258 ad
994 4225 1014 4256 c.
1033 4209 1046 4256 i.
1067 4223 1090 4270 g.
1107 4208 1127 4255 Ι.
1146 4223 1169 4270 p.
1183 4205 1261 4258 ilbi.
1291 4205 1361 4262 (iisse
1376 4221 1394 4268 p.
1406 4207 1451 4254 204.

394 4292 485 4354 Bergk.
504 4310 527 4356 p.
541 4297 581 4358 62,
599 4299 641 4346 89.
676 4296 760 4344 Ameis
777 4299 854 4356 p.13.
