3126 5256
689 1131 976 1214 ADDENDA.

381 1276 428 1334 Ad
450 1274 476 1354 ξ
494 1283 512 1335 2
534 1279 558 1335 I.
580 1283 605 1336 5.
628 1297 656 1354 p.
673 1283 729 1337 21:
758 1279 844 1337 Nom.
872 1297 916 1354 pr.
940 1263 1018 1352 ’Ῑρος
1039 1277 1144 1337 Suidas
1166 1295 1205 1336 ex
1227 1278 1378 1338 Aeolismo

296 1378 444 1438 derivasse
464 1377 582 1439 videtur
603 1388 667 1440 cuni
695 1381 836 1441 scriberet
864 1401 886 1440 s.
905 1402 949 1441 με
979 1379 1092 1438 ΙΡΟΣ.
1125 1370 1294 1458 ἀπτωχύς,
1325 1372 1378 1438 dccl
1473 1439 1479 1445 ,

296 1483 411 1558 μακροῦ
433 1482 487 1540 τοῦ
502 1475 609 1560 ulmis
624 1477 665 1554 δὲ,
690 1473 707 1540 d
722 1475 810 1559 ύεούς,
832 1475 908 1541 curci
923 1483 1034 1557 κρᾶσιν.
1091 1483 1128 1542 ad
1150 1481 1176 1561 ξ.
1191 1489 1218 1542 3.
1236 1488 1262 1543 5.
1278 1503 1307 1559 p.
1320 1489 1377 1542 323

295 1585 354 1643 Pro
376 1584 524 1644 Aeolismo
553 1585 665 1662 accipio
695 1585 783 1644 etiam
809 1585 912 1661 partic.
941 1577 1055 1660 ἀχεύων
1083 1586 1162 1666 quod
1189 1605 1305 1663 semper
1331 1591 1378 1646 est

293 1686 326 1745 in
347 1705 485 1746 versuum
507 1687 649 1747 clausula:
680 1679 781 1762 θνμάν
804 1680 918 1764 ἀχεύων
940 1688 976 1744 Ε.
997 1694 1065 1747 869.
1089 1690 1124 1746 Σ.
1144 1693 1213 1747 461.
1247 1691 1375 1748 111566.

295 1807 327 1862 φ.
343 1793 402 1846 318
427 1788 509 1866 (Ηοε.
526 1786 547 1848 ἐ.
563 1795 639 1861 899;
660 1791 733 1850 item
749 1789 877 1854 Quintus
891 1789 1069 1868 Smyrnaeus
1084 1791 1234 1851 Posthom.
1252 1793 1284 1850 Γ.
1299 1797 1376 1851 643:

294 1882 396 1966 θωμὸν
419 1882 543 1968 ἀχεύων)
572 1883 752 1971 ὀδυρόμενος
775 1888 823 1950 nul
848 1883 960 1968 ἀχεύων
984 1892 1096 1952 Lala.
1127 1893 1166 1950 Ω.
1188 1899 1255 1953 128.
1272 1890 1306 1969 β.
1324 1899 1373 1953 23.

295 1992 320 2050 d.
340 1998 407 2052 100.
430 1992 453 2064 ξ.
472 2000 521 2053 40.
545 1987 672 2053 πυκινόν
694 2013 747 2069 περ
771 1987 885 2070 ἀχεύων
905 1995 928 2052 λ.
950 1999 998 2053 88.
1022 1987 1090 2074 μέγ’
1112 1986 1225 2072 ἀχεύων
1245 2015 1275 2053 π.
1297 2001 1374 2066 189;
1489 1995 1495 2002 ’

295 2100 397 2156 contre
412 2096 521 2172 legitur
542 2087 635 2173 ἀχέων
652 2095 684 2152 Β.
702 2103 772 2156 694.
789 2096 858 2155 724.
881 2097 916 2154 Ε.
930 2101 1000 2156 899.
1020 2098 1055 2155 Σ.
1072 2103 1144 2156 440.
1167 2099 1191 2156 λ.
1211 2103 1269 2158 195
1288 2099 1373 2176 (scut.

294 2199 383 2258 Herc.
403 2199 456 2278 93)
487 2191 613 2274 ἀχέουσα
643 2198 756 2257 1567.
786 2219 811 2256 ο.
831 2202 900 2258 361.
966 2200 1002 2257 ad
1024 2219 1052 2275 p.
1076 2201 1150 2259 117:
1179 2200 1375 2282 ‘Aristarchus

293 2302 403 2362 veteris
423 2302 547 2361 lonismi
570 2319 656 2361 causa
676 2303 768 2361 verba
788 2301 938 2362 truncavit
959 2289 1124 2378 augmentis
1146 2298 1214 2362 suis’
1235 2323 1264 2362 v.
1285 2301 1375 2362 Wolf.

295 2405 374 2464 Prol.
397 2425 425 2482 p.
442 2399 597 2464 ccxcvi
620 2423 649 2463 n.
666 2408 736 2462 281.

362 2504 442 2565 'Iam
464 2525 530 2566 cum
551 2511 615 2566 tota
634 2507 698 2566 fere
720 2506 885 2566 dissertatio
907 2505 988 2584 typis
1012 2511 1090 2566 esset
1112 2486 1274 2584 exscripta.
1303 2509 1374 2566 Em.

293 2609 435 2684 Hcrzcgii
450 2609 558 2668 librum
574 2608 657 2667 euius
671 2608 775 2668 titulus
794 2614 839 2668 est
854 2608 1140 2684 „Untersuchungen
1161 2612 1235 2669 iiber
1249 2609 1296 2668 die
1313 2610 1373 2668 Bil-

293 2712 557 2786 dungsgeschichte
589 2710 641 2769 der
672 2710 875 2784 griechischen
908 2713 968 2770 und
1001 2711 1195 2770 lateinischen
1226 2703 1374 2787 Sprache“

296 2813 388 2892 (Lips.
408 2813 485 2872 1871
504 2812 628 2890 Teubn.)
646 2813 779 2888 cognovi,
801 2813 833 2871 in
845 2831 907 2894 'quo
929 2835 958 2890 p.
978 2817 1143 2872 106-148
1166 2814 1202 2872 de
1216 2812 1375 2874 Homerica

294 2916 459 2976 elocutione
490 2915 636 2974 disserens
663 2933 691 2991 p.
712 2917 888 2975 110-127
921 2917 987 2990 „die
1016 2916 1065 2975 fur
1094 2917 1151 2975 den
1180 2916 1375 2992 productiven

293 3019 432 3098 epischen
444 3018 568 3077 Dichter
580 3018 791 3077 vcrhandenen
808 3019 1021 3079 dialehtischen
1032 3019 1254 3079 Verhilltnissc“
1268 3019 1376 3079 cursim

293 3121 439 3198 exposuit,
462 3126 525 3180 tum
546 3140 574 3197 p.
594 3119 758 3180 lat—'1³9
782 3123 818 3178 ab
838 3121 885 3181 his
906 3121 1009 3180 formis
1024 3121 1191 3198 segregavit
1210 3121 1277 3195 „die
1292 3121 1375 3181 nicht

255 3283 258 3290 ,
292 3225 346 3283 suf
374 3223 566 3283 dialektische
595 3223 807 3283 Unterschiede'
838 3224 1155 3288 zuriickzuffihrendcn
1184 3221 1373 3282 mehrfachen

292 3327 420 3385 Formen
443 3325 595 3386 desselben
617 3324 719 3385 Worts
742 3326 812 3384 oder
833 3324 1063 3385 Flexionsfalls“
1084 3325 1124 3403 (v.
1144 3323 1272 3402 pilo).
1316 3325 1373 3385 Sed

292 3429 325 3486 in
345 3429 401 3488 hac
421 3447 462 3501 re,
485 3428 562 3486 sicut
581 3426 614 3484 in
635 3431 698 3486 tcto
720 3426 796 3486 libro
812 3427 904 3486 multa
925 3434 995 3486 sunt
1009 3447 1112 3504 parum
1133 3429 1270 3488 adcurate
1285 3432 1373 3508 atque

292 3530 552 3606 pravedisputata
573 3528 610 3606 (e.
626 3549 652 3604 g.
676 3529 711 3586 dc
727 3527 843 3588 Atticae
866 3529 982 3590 dialecti
1003 3530 1118 3589 ratione
1140 3551 1168 3606 p.
1188 3527 1371 3606 176-189),

293 3651 389 3712 neque
412 3632 482 3691 satis
498 3650 568 3691 sano
590 3631 699 3691 iudicio
714 3650 784 3690 usus
807 3636 852 3690 est
866 3637 962 3711 nequ‘e
977 3631 1048 3690 novi
1064 3631 1221 3711 quicquam
1241 3632 1371 3709 protulit.

294 3734 477 3815 Quamquam
492 3734 583 3809 igitur
596 3736 651 3794 hac
665 3733 864 3809 disputatione
880 3752 944 3791 mea
957 3732 1067 3792 iudicia
1080 3733 1201 3793 minime
1215 3739 1371 3810 mutantur,

292 3841 392 3897 tamen
413 3837 545 3904 breviter¹
566 3837 628 3896 eius
650 3834 811 3896 sententias
833 3836 1003 3896 adscribam.
1085 3849 1087 3854 ’
1159 3845 1160 3849 ’

320 3987 323 3994 ,
379 3939 436 4016 (Ad
452 3959 480 4016 p.
493 3939 533 4018 2.)
554 3940 703 4012 Dialeetcs
716 3938 848 3999 Ionioam
862 3938 1013 4014 Aeolicam
1028 3939 1165 3999 Doricam
1181 3938 1257 4000 sicut
1271 3944 1371 4016 gentes

293 4042 364 4102 satis
386 4042 538 4102 distinctas
558 4041 650 4100 fuisse
672 4046 769 4101 aetate
786 4041 946 4100 Homerica
968 4041 1088 4100 definite
1109 4041 1246 4118 probavit
1267 4062 1295 4118 p.
1313 4046 1369 4101 111

292 4148 382 4224 atque
397 4145 501 4205 merito
516 4150 550 4204 ut
568 4144 616 4222 (ad
633 4165 660 4220 p.
677 4144 727 4221 11)
747 4143 899 4202 Dorismos
914 4143 1088 4203 Homericos
1101 4147 1181 4204 ratos
1195 4163 1256 4202 non
1270 4143 1372 4204 habuit

293 4265 403 4326 eosque
419 4248 469 4327 qui
484 4248 620 4306 feruntur
633 4243 764 4321 τυψέμεν
779 4240 940 4321 χολωσέμεν
956 4266 984 4321 p.
1000 4250 1068 4304 113.
1086 4250 1152 4304 183.
1168 4244 1228 4304 τεῒν
1245 4245 1284 4324 (p.
1300 4246 1370 4322 180)

294 4345 382 4424 προτὶ
403 4344 475 4424 τύνη
499 4351 539 4426 (p.
557 4350 627 4428 143)
652 4346 772 4407 ἐσσεῖται
800 4350 837 4407 ad
860 4349 1052 4408 archaismum
1074 4349 1123 4409 vel
1144 4348 1306 4409 Ionismum
1327 4366 1369 4420 re·
1427 4396 1429 4404 ,

294 4451 374 4512 misit
395 4473 423 4529 p.
443 4458 509 4512 113.
530 4449 629 4534 12816,
650 4453 693 4512 ite
710 4451 873 4511 Aeolismcs
895 4453 1018 4528 agnovit
1038 4473 1067 4529 p.
1082 4450 1182 4534 12415,
1204 4469 1277 4530 quos
1299 4468 1369 4529 quc·

294 4555 381 4613 modo
396 4554 572 4631 explicuerit
586 4554 633 4614 his
647 4553 747 4618 verbis
762 4553 889 4615 elucebit
910 4554 960 4634 (ad
978 4575 1007 4632 p.
1023 4555 1110 4629 164):
1131 4555 1225 4628 „Dese
1243 4571 1295 4611 zur
1308 4551 1371 4612 Zeit
