3424 5386
915 417 957 480 26

395 596 438 650 gr.
450 576 500 634 Gr.
515 574 541 651 5.
554 574 624 646 327,
644 575 689 646 17,
704 594 734 651 p.
749 574 817 634 174.
835 573 880 632 ed.
892 572 932 645 X,
949 573 984 632 de
995 572 1077 632 verb.
1093 591 1123 647 p.
1136 571 1206 630 276.
1219 576 1280 628 280
1298 569 1354 648 (cf.
1372 567 1408 648 5.
1427 575 1466 627 9.
1487 570 1550 646 9).

395 677 453 736 Sed
474 696 537 735 rem
558 695 646 756 qnam
667 697 706 735 ne
728 674 896 752 perspicere
919 674 1038 753 quidem
1059 673 1172 752 ubique
1192 672 1276 746 licet,
1300 691 1373 732 non
1404 692 1543 731 meum

395 783 442 838 est
462 778 580 854 longius
602 779 749 858 persequi.

481 881 555 940 Utut
576 882 650 941 haec
672 900 703 939 se
725 881 823 952 habet,
846 880 872 939 si
893 878 990 938 minus
1011 899 1031 936 υ
1053 878 1223 954 genuinum,
1246 881 1277 937 61
1299 879 1395 936 certe
1426 895 1451 932 v
1479 894 1533 934 ex

395 985 423 1040 F
441 987 539 1042 ortum
559 982 639 1042 inter
660 981 778 1042 vocales
798 983 831 1040 in
854 980 1059 1060 antiquissima
1076 980 1178 1040 Ionica
1198 979 1323 1038 dialecto
1351 977 1404 1055 (v.
1424 977 1528 1036 Gies.

395 1105 424 1160 p.
442 1085 517 1160 283)
538 1084 636 1144 locum
657 1070 718 1143 non
732 1085 880 1157 habuisse,
903 1084 954 1143 sed
969 1102 1086 1158 semper
1106 1082 1156 1142 vel
1178 1102 1244 1142 oum
1264 1081 1315 1142 vel
1335 1079 1415 1140 sine
1435 1099 1524 1140 con-

395 1185 571 1263 pensatione
593 1187 720 1246 eiectum
737 1205 801 1246 esse
817 1187 888 1246 mihi
905 1186 1024 1265 quidem
1038 1183 1102 1244 veri
1118 1183 1300 1243 simillimum
1315 1187 1377 1256 est,
1406 1200 1521 1262 quare

396 1307 473 1367 quae
495 1287 633 1364 digammi
654 1290 687 1348 in
702 1310 722 1347 v
742 1289 832 1349 soluti
848 1287 987 1364 exempla
1007 1305 1045 1345 ex
1059 1287 1192 1345 Homero
1207 1285 1414 1363 Hesiodoque
1432 1305 1515 1359 sug-

397 1394 554 1465 geruntur,
584 1411 620 1450 ea
645 1412 700 1469 pro
728 1393 815 1453 iustis
837 1390 967 1450 Aeolicis
993 1388 1129 1462 vestigiis
1153 1389 1264 1447 habere
1290 1407 1356 1447 non
1388 1386 1511 1445 dubito

395 1511 493 1572 neque
515 1513 621 1554 vercor
641 1514 680 1553 na
696 1495 728 1553 in
744 1494 866 1554 Christii
884 1493 995 1552 crimen
1018 1491 1136 1551 veniam
1159 1491 1238 1570 quod
1260 1489 1341 1548 dixit
1363 1509 1396 1566 p.
1422 1491 1508 1548 192:

396 1596 581 1675 ,diejenigem
603 1597 725 1669 welche,
746 1617 797 1655 nm
820 1597 886 1654 dem
907 1595 1021 1653 Homer
1041 1595 1103 1652 und
1124 1591 1238 1651 Hesiod
1261 1592 1313 1650 das
1328 1591 1505 1667 Digamma

396 1699 513 1773 streitig
539 1719 578 1756 zu
599 1699 739 1770 macheu,
769 1699 846 1756 auch
867 1697 945 1755 noch
971 1696 1020 1754 bei
1046 1696 1112 1753 dem
1137 1695 1270 1770 jetzigen
1291 1693 1500 1770 Standpunkt

397 1800 449 1857 der
471 1800 758 1876 Sprachforsohung,
787 1800 853 1858 hier
879 1818 940 1858 von
967 1798 1065 1856 einem
1090 1796 1331 1873 pleonaetischen
1359 1797 1496 1855 Zusatze

398 1902 557 1961 odervon
573 1900 1109 1962 aeolischanDialectformen
1132 1900 1285 1974 spreehen,
1306 1899 1493 1959 rerkennen

397 2004 507 2064 einer
529 2004 651 2063 Grille
674 2025 717 2062 an
739 2004 831 2064 Lieb
855 2005 911 2061 den
933 2001 1138 2078 sprechlichen
1155 1997 1365 2077 Organismus'.
1411 2001 1490 2061 Ocn-

396 2107 474 2166 ieras
498 2107 627 2185 quaein
649 2111 733 2183 parte
755 2106 848 2166 altera
869 2105 1032 2180 generatim
1055 2105 1091 2163 de
1113 2104 1258 2179 digammo
1281 2104 1419 2165 disserui.

481 2209 527 2266 De
548 2209 793 2284 pronuntiatione
814 2208 934 2287 quidem
955 2212 1055 2266 utrum
1076 2205 1150 2264 illud
1171 2226 1191 2263 v
1213 2206 1325 2265 vocalis
1351 2225 1391 2266 an
1413 2225 1485 2265 oon-

398 2311 487 2368 s'onae
509 2310 570 2370 vim
592 2311 737 2384 habuerit,
759 2315 881 2387 propter
902 2309 1062 2368 nonnullos
1082 2303 1185 2368 Alcaei
1207 2313 1237 2367 et
1258 2307 1380 2368 Pindari
1401 2307 1483 2368 locos

396 2411 460 2470 sine
475 2411 536 2470 ulla
549 2413 628 2471 iusta
644 2431 731 2472 causa
745 2413 941 2489 disceptatum
954 2410 1021 2484 fuit,
1041 2429 1130 2490 quam
1142 2429 1204 2468 rem
1218 2429 1378 2491 recoquere
1389 2412 1479 2489 piget.

396 2513 432 2574 cf.
451 2515 529 2572 Ourt.
547 2534 576 2590 p.
591 2519 660 2573 518.
704 2515 823 2573 Scilicet
843 2533 915 2573 vera
936 2513 1138 2588 diphthongus
1160 2513 1261 2572 effecit
1280 2513 1397 2589 longam
1418 2515 1477 2592 syl-

395 2615 493 2674 labam
512 2636 637 2696 eamque
658 2617 690 2675 in
706 2617 846 2689 Homero,
867 2620 971 2693 postea
988 2621 1019 2674 et
1033 2614 1196 2690 genuinum
1217 2636 1236 2672 u
1253 2622 1284 2674 et
1304 2637 1324 2672 v
1338 2635 1375 2675 ex
1395 2617 1473 2677 For-

395 2725 459 2781 tum
477 2719 662 2779 debilitatum
684 2726 730 2779 est
751 2726 782 2779 et
798 2719 917 2792 excidit,
937 2723 972 2778 ut
993 2717 1108 2795 syllaba
1123 2717 1208 2777 fieret
1225 2717 1332 2780 brevis.
1372 2719 1472 2781 Falsus

397 2826 495 2880 autem
511 2827 557 2884 est
572 2822 794 2900 Savelsbergius
811 2822 863 2902 qui
879 2823 915 2880 de
929 2821 987 2897 dig.
1006 2840 1034 2897 p.
1052 2825 1090 2879 14
1107 2821 1135 2878 F
1151 2825 1239 2893 „ante
1257 2827 1351 2880 mutas
1364 2827 1471 2883 tantum

396 2942 540 2995 consonas
554 2925 587 2984 in
597 2947 617 2983 u
627 2928 760 2987 vocalem
771 2930 916 2985 mutabam
926 2919 1007 2984 esse’'
1022 2923 1162 3000 probavit
1174 2914 1298 2998 εὔκηλος
1311 2924 1468 3000 respiciens.

480 3026 505 3082 L
538 3027 693 3102 Digamma
712 3031 746 3088 in
767 3049 786 3086 υ
807 3027 927 3088 transiit
948 3031 1016 3085 ante
1037 3025 1087 3085 rel
1107 3025 1187 3084 inter
1207 3019 1337 3085 vocales:

484 3125 513 3202 1)
534 3127 725 3188 Homericum
741 3121 828 3186 εὔαδε
843 3123 871 3194 Ξ
884 3133 954 3187 340.
979 3127 1004 3184 Ρ
1017 3128 1087 3184 647.
1110 3146 1140 3183 rr.
1154 3132 1194 3185 28
1211 3127 1357 3206 (quintum
1371 3130 1465 3206 pedem

396 3227 547 3304 obtinens)
569 3234 667 3289 exstat
688 3248 741 3306 pro
758 3226 906 3287 i-och-a.
952 3228 1047 3292 Quam
1062 3229 1255 3288 mutationem
1271 3229 1313 3289 sio
1328 3231 1380 3291 riri
1394 3232 1463 3290 docti

396 3329 610 3404 expediebant,
639 3338 675 3390 ut
700 3331 824 3392 formam
853 3327 991 3389 iFchcv
1018 3331 1233 3407 subponerent,
1265 3350 1358 3412 nequa
1378 3333 1461 3410 expli·

395 3435 504 3504 cantes,
526 3433 605 3491 unde
619 3435 646 3490 F
665 3432 847 3509 duplicatum
869 3438 954 3506 esset,
978 3438 1008 3492 et
1028 3431 1061 3490 in
1077 3432 1240 3510 analogiam
1264 3439 1393 3495 vocantes
1405 3435 1459 3494 He-

396 3533 526 3592 siodeam
540 3535 665 3594 formam
679 3528 824 3604 καυάξαις
838 3554 859 3594 s.
873 3540 941 3594 666.
956 3539 1025 3608 693,
1049 3535 1134 3613 quasi
1149 3547 1227 3596 esset
1240 3556 1295 3613 pro
1310 3530 1459 3608 καΝᾶξαις

394 3636 415 3694 i.
431 3657 456 3696 e.
479 3628 656 3711 saesdema,
678 3637 816 3715 Heynius
838 3639 874 3696 ad
896 3638 934 3697 Il.
956 3641 1027 3697 tom.
1043 3637 1112 3697 v11.
1135 3657 1164 3715 p.
1183 3639 1253 3712 736,
1275 3639 1456 3714 Buttmannus,

396 3759 439 3814 gr.
457 3739 506 3798 Gr.
522 3739 564 3798 H.
587 3759 615 3815 p.
630 3741 679 3798 97.
699 3744 767 3812 114,
790 3739 989 3815 Goettlingius
1010 3761 1039 3801 v.
1057 3746 1126 3813 666,
1149 3740 1209 3814 6111,
1232 3761 1352 3820 qnorum
1369 3742 1454 3818 opinio

350 3875 354 3884 ·
394 3861 433 3900 ne
447 3860 527 3900 nunc
543 3841 661 3921 quidem
675 3847 745 3918 post
760 3841 851 3901 Giesii
866 3841 1014 3918 egregiam
1026 3842 1255 3919 disputationem
1269 3864 1298 3920 p.
1311 3848 1451 3903 att—255

395 3949 450 4002 eta.
467 3945 555 4022 plane
572 3945 695 4020 explosa
711 3948 756 4004 est
771 3943 811 4027 (r.
830 3945 935 4006 Christ.
954 3965 983 4022 p.
1000 3951 1070 4020 249,
1092 3945 1202 4004 Amcis.
1220 3965 1249 4022 p.
1264 3947 1323 4023 19).
1350 3946 1451 4006 Minime

396 4046 475 4104 enim
495 4047 542 4107 vis
564 4066 693 4106 consona
713 4047 853 4123 digammi
872 4048 916 4108 116
937 4049 1100 4124 praevalet,
1127 4052 1162 4105 ut
1183 4047 1271 4108 aliam
1292 4048 1402 4108 litteram
1419 4051 1450 4108 ad

396 4166 428 4207 se
449 4149 589 4226 adplicari
605 4150 743 4225 patiatur,
766 4171 832 4212 eum
853 4150 953 4228 potius
973 4151 1072 4228 ipsum
1092 4150 1130 4208 ad
1151 4150 1364 4226 praecedentem
1379 4151 1448 4212 recli-

396 4254 493 4324 netur,
509 4250 585 4312 sicut
599 4246 734 4332 τέσσαρες
748 4273 802 4330 pro
817 4248 967 4333 riolbpes.
997 4253 1104 4330 Itaque
1119 4253 1276 4329 oportebat
1288 4255 1446 4316 utconsonae
