3126 5256
672 763 733 829 159

244 918 471 980 Recentioribue
502 919 575 978 item
606 919 770 980 Aeolica
802 918 963 976 Homeri
995 918 1107 994 origo
1139 919 1247 979 idonee

143 1039 246 1081 causa
264 1020 325 1080 fuit
345 1021 382 1078 ad
403 1019 569 1080 Aeolismos
592 1021 801 1096 expediendos.
844 1019 1020 1078 Aeolensem
1042 1019 1163 1098 quidem
1182 1021 1246 1080 Hc·

143 1141 271 1180 menum
293 1121 345 1200 qui
360 1121 463 1181 Icnicc
484 1121 651 1198 scripsisset
664 1123 850 1198 amplexatus
871 1125 917 1182 eet
930 1119 1142 1199 Benueiusss)
1162 1124 1247 1182 cuius
1317 1197 1319 1200 Ι

147 1222 293 1282 acumine
314 1228 465 1299 repertum
480 1227 526 1282 est
548 1223 739 1299 digamma,
763 1225 843 1301 quod
862 1223 895 1281 in
910 1222 1122 1298 disceptatione
1144 1227 1243 1282 utrm

146 1324 263 1384 fuisset
290 1330 379 1399 poeta
400 1324 557 1385 Aeclcnsis
584 1344 623 1383 an
649 1325 770 1384 Ionicus
797 1323 1019 1384 celeberrimum
1046 1324 1132 1402 quasi
1151 1325 1244 1385 telum

147 1427 268 1485 fectum
284 1430 338 1498 est,
353 1425 527 1502 praesertim
542 1445 608 1485 cum
623 1425 654 1484 id
668 1425 765 1486 invita
778 1426 916 1486 Minerva
930 1425 1077 1500 digamma
1091 1426 1244 1486 Aeolicum

148 1532 393 1602 nuncuparetsm
416 1529 496 1606 quod
511 1533 620 1586 nomen
642 1546 680 1586 ne
701 1527 881 1586 recentiores
896 1527 1016 1607 quidem
1038 1527 1075 1603 (e.
1092 1547 1119 1601 g.
1136 1528 1244 1587 Christ.

81 1607 93 1626 ⁸
149 1647 183 1704 p.
207 1627 280 1706 167)
307 1647 346 1687 ne
368 1628 440 1706 quid
461 1627 665 1704 perversitatis
692 1632 826 1687 vetustae
854 1628 1040 1687 amitteretur
1063 1628 1244 1689 abiecerunt.

150 1728 293 1788 Bentleie
314 1749 386 1791 vero
409 1749 537 1810 quocum
558 1731 637 1806 apud
653 1728 766 1803 Anglos
787 1729 844 1788 riri
868 1728 946 1788 docti
969 1733 1113 1794 steterant
1134 1734 1169 1789 ut
1185 1731 1244 1789 ro·

152 1835 253 1891 sterne
274 1831 480 1910 Woedins²⁶)
502 1842 621 1892 strenue
643 1835 675 1890 at
694 1830 796 1905 inepte
817 1830 971 1890 Dawesius
992 1830 1024 1888 in
1046 1829 1127 1888 misc.
1150 1827 1243 1892 critic.

153 1934 331 1994 adversatus
353 1938 415 2006 est,
444 1934 496 2011 qui
524 1951 591 1991 eum
614 1932 761 2016 digamma
782 1931 935 1992 Aeolicum
956 1932 994 1990 eb
1016 1931 1126 1992 Ionicis
1146 1934 1243 1994 Ionici

152 2039 263 2112 poetae
282 2035 462 2094 carminibus
483 2053 604 2111 prorsus
618 2033 748 2094 alienum
767 2032 933 2105 iudicasset,
956 2033 1045 2092 huius
1065 2033 1132 2092 loco
1154 2035 1244 2115 ‹Ioni-

51 2135 52 2210 ᾖ
151 2155 225 2195 ιιιιιιι
246 2131 319 2194 Van’
347 2137 449 2195 eedem
475 2135 505 2196 vi
528 2135 695 2211 praeditum
723 2135 880 2195 restituere
908 2139 1031 2194 conatus
1059 2139 1116 2205 est;
1145 2141 1244 2194 umen

151 2237 332 2311 Burgessirrs
345 2256 447 2296 rursus
460 2237 494 2294 in
505 2235 621 2295 Bentlsi
637 2242 738 2312 partes
751 2237 809 2297 ivit
823 2240 913 2314 etque
929 2255 946 2296 e
962 2236 1108 2311 digammc
1120 2237 1244 2296 Homeri

154 2338 305 2413 originem
332 2339 483 2398 Aeolicam
513 2336 654 2396 defendit.
700 2337 817 2396 Primus
844 2343 943 2395 autem
968 2336 1106 2413 Heynius
1127 2357 1156 2412 p.
1172 2339 1243 2396 711.

151 2439 299 2516 opinione
313 2440 570 2514 grammaticorum
584 2439 621 2496 de
634 2437 756 2497 Aeolico
772 2439 918 2514 digammo
934 2437 1123 2498 emulantium
1137 2439 1243 2499 merito

150 2546 260 2602 meista
279 2542 434 2602 contendit
454 2541 574 2601 illudet
595 2539 756 2618 antiquiori
771 2539 876 2618 utique
897 2539 966 2598 usui
981 2539 1109 2599 Graecae
1124 2540 1243 2615 linguae

152 2643 309 2720 proprium
338 2649 370 2704 et
391 2645 498 2703 Ionum
524 2661 652 2722 quoque
670 2647 760 2719 atque
781 2640 876 2698 Ionioi
904 2646 1010 2716 poetae
1032 2642 1244 2702 consuetudine

154 2746 379 2823 frequentatum
400 2745 492 2804 inisse
513 2750 549 2804 ut
569 2763 607 2802 ne
624 2743 718 2819 pilum
733 2743 852 2822 quidem
874 2741 907 2799 in
923 2743 1105 2802 Aeolismum
1125 2745 1244 2818 faceret,

156 2849 189 2906 id
212 2847 291 2925 quod
308 2846 494 2906 verissimum
518 2851 571 2905 est.
614 2849 755 2906 Attemen
776 2844 847 2902 inde
864 2843 1034 2904 defensores
1053 2845 1166 2906 Aeolici
1182 2847 1245 2905 Ho-

157 2947 233 3008 meri
253 2947 418 3008 sententies
439 2967 510 3006 suee
527 2947 707 3021 praesidium
725 2947 892 3021 captabant.
936 2947 970 3004 E.
986 2966 1014 3020 g.
1030 2947 1151 3005 nomino
1167 2947 1246 3005 Lun-

158 3049 239 3126 giem
247 3049 260 3088 ¹
269 3048 298 3125 6)
310 3048 342 3106 in
353 3047 460 3106 Philet.
472 3047 525 3106 1v.
540 3067 569 3122 p.
581 3046 652 3104 707.
669 3046 712 3104 sie
723 3046 884 3104 dicentem:
902 3046 1047 3126 ‘Aeolium
1063 3051 1152 3120 gente
1163 3067 1245 3106 eum-

159 3170 217 3230 que
238 3151 432 3228 Smyrnaeum
455 3149 618 3208 Homerum
645 3147 738 3205 fuisse
759 3144 973 3225 antiquissimis
994 3146 1112 3226 fideque
1134 3147 1245 3220 dignis·

159 3252 242 3315 simis
257 3249 436 3332 testimoniis
451 3250 561 3310 Bodius
575 3249 644 3308 hist
661 3266 741 3324 poce.
758 3246 832 3322 epic
849 3249 872 3304 Ι.
895 3267 923 3322 p.
940 3251 1001 3304 248
1022 3243 1243 3308 demonstravit.

160 3353 276 3418 Quibus
296 3351 487 3413 consentiunt
507 3349 650 3410 Aeolismi
680 3350 732 3429 qui
754 3347 894 3425 permulti
921 3348 954 3406 in
980 3347 1159 3408 carminibus
1180 3331 1244 3408 Hc·

159 3456 276 3516 mericis
288 3455 485 3531 reperiuntur,
500 3485 542 3496 -
559 3453 706 3528 digamma
718 3449 833 3510 Aeolici
846 3449 1075 3508 innumerabilia
1089 3448 1244 3527 exempla'.

50 3553 51 3564 ¹
159 3560 203 3618 Eo
224 3558 312 3616 modo
339 3555 407 3632 plus
434 3555 534 3614 semel*
547 3554 665 3631 egregie
686 3554 786 3629 lapsus
808 3557 853 3612 est
875 3551 1025 3626 Osannus,
1054 3551 1244 3626 eBurgessii

159 3677 230 3720 sane
249 3658 359 3718 indicio
382 3643 529 3733 pendeus,
560 3677 626 3716 cum
654 3656 821 3734 „Zopyrum
846 3655 974 3712 maxime
1002 3653 1077 3712 iilud
1098 3653 1245 3728 digamma.

158 3760 321 3832 Aeolicum,
344 3757 427 3818 cuius
442 3759 592 3819 idiomatis
607 3757 710 3818 formis
724 3757 777 3814 illa
792 3761 911 3818 vetuste
921 3755 1046 3814 Homeri
1061 3753 1244 3830 exemplaria

160 3863 297 3922 distincte
316 3861 408 3920 fuisse
429 3861 483 3920 rix
500 3859 588 3919 hodie
606 3858 762 3938 quisquam
779 3862 910 3932 negaret,
933 3855 1075 3934 cuiusque
1097 3875 1168 3916 usus
1189 3854 1244 3915 vix

124 3987 126 3992 ·
160 3964 292 4023 dubitare
305 3961 477 4022 testimonia
490 3959 653 4020 certissima
667 3966 698 4018 et
708 3958 888 4034 incorrupta,
907 3956 1017 4032 scripta
1028 3955 1079 4014 vel
1091 3954 1243 4030 inscripta,

161 4065 291 4126 sinerent
318 4063 393 4142 quin
420 4062 604 4140 temporibus
631 4059 712 4119 iilius
741 4057 855 4134 vulgari
885 4055 1077 4116 Aeolensium
1108 4074 1244 4115 sermone

161 4169 236 4245 (cum
257 4164 406 4226 Absensio
428 4165 464 4222 de
486 4163 618 4224 Asiatica
638 4163 763 4222 dialecto
791 4159 944 4237 cogitavit)
969 4163 1107 4233 receptus
1127 4157 1242 4230 fuisset,

226 4333 270 4398 ic)
288 4335 319 4381 ci.
336 4334 418 4395 Iieyn.
434 4347 459 4396 p.
474 4334 531 4381 113.
543 4348 567 4380 n.
722 4331 766 4394 it)
786 4331 851 4391 apud
868 4330 984 4390 Burgess.
1001 4341 1026 4388 p.
1038 4329 1096 4376 398.

226 4419 269 4483 26)
288 4417 483 4466 Commentarios
494 4417 578 4466 Iliadis
595 4415 684 4475 quibus
702 4431 728 4465 se
741 4417 878 4464 Aeolismos
889 4415 1052 4463 indicaturum
1064 4425 1117 4460 esse
1128 4411 1243 4471 promisit

162 4504 194 4551 dri
209 4503 321 4552 laudatos
339 4516 458 4562 nusquam
476 4503 542 4561 vidi;
564 4507 710 4560 apparatum
727 4502 780 4548 eius
796 4502 832 4547 Μ.
852 4500 968 4548 Schmidt.
985 4499 1042 4546 Did.
1060 4511 1084 4557 p.
1098 4497 1148 4543 850
1166 4506 1242 4556 penes

162 4605 186 4636 se
203 4591 277 4636 icisse
294 4589 428 4635 adnotavit.
