3126 5256
780 702 843 770 142

267 853 511 940 ἀπουρίσσουσιν,
534 860 615 940 quod
628 861 659 920 G.
677 863 713 918 Δ.
731 861 757 919 Ι.
772 859 971 920 Hoffmannus
992 859 1025 918 in
1046 859 1091 918 cd.
1108 859 1176 920 libr.
1196 858 1234 920 Φ.
1255 860 1293 920 Χ.
1310 862 1351 920 11.

172 999 175 1005 ,
267 981 298 1042 p.
313 964 352 1022 99
369 962 508 1034 defendit,
531 963 663 1020 summae
677 981 741 1020 esse
756 961 870 1022 aetatis.
886 993 929 1006 -
950 961 1112 1036 Egregium
1127 962 1246 1040 quidem
1261 963 1351 1022 docu-

268 1069 400 1126 mentum
423 1064 564 1124 Aeolismi
585 1065 737 1124 Homerici
761 1083 866 1124 vocem
886 1064 923 1122 de
945 1083 1004 1144 qus
1029 1063 1076 1138 egi
1098 1065 1266 1122 habendam
1288 1084 1353 1124 esse

268 1167 414 1241 diiudioo,
443 1167 476 1226 iu
498 1185 557 1245 que
577 1167 733 1244 perepicuo
754 1166 874 1228 videtur
895 1158 954 1244 qno
983 1167 1070 1226 modo
1093 1166 1272 1226 Homeridae
1293 1168 1354 1225 for·

268 1271 379 1329 mulam
408 1287 497 1348 quam
525 1289 587 1328 non
615 1275 802 1345 perspectam
829 1270 999 1328 habuerunt
1028 1268 1239 1341 tractaverint3
1273 1268 1353 1349 quod

267 1377 367 1432 autam
394 1363 516 1447 αἰιηύρα
544 1371 577 1429 iu
605 1376 682 1430 cant.
709 1371 788 1447 apud
815 1369 956 1448 Aeschyl.
985 1371 1066 1429 Pers.
1095 1389 1125 1430 ν.
1146 1374 1215 1429 949.
1244 1369 1350 1448 'Eurip

266 1476 362 1536 Andr.
383 1495 412 1535 v.
431 1477 522 1533 1099.
544 1471 584 1549 (ν.
598 1473 709 1532 Buttm.
725 1471 807 1531 lexil.
822 1474 848 1532 Ι.
866 1494 896 1551 p.
909 1477 958 1532 80.
977 1492 1007 1531 n.
1020 1471 1053 1550 9)
1073 1470 1193 1546 legitur,
1215 1491 1276 1531 non
1299 1473 1352 1530 du·

266 1572 329 1636 bito
358 1573 390 1634 id
417 1576 454 1634 ad
484 1572 682 1634 imitationem
702 1575 880 1634 Homericae
910 1573 1090 1634 elocutionis
1117 1570 1239 1648 tragicis
1265 1573 1352 1635 valdo

265 1679 443 1738 familiarem
464 1678 585 1736 referre.

356 1780 408 1858 19)
429 1781 501 1840 θον]
528 1779 561 1837 in
589 1777 756 1838 Homericis
786 1778 965 1838 carminibus
994 1796 1049 1854 pro
1078 1777 1190 1838 usitata
1216 1777 1352 1853 longiore

1524 857 1538 914 b

266 1883 477 1943 terminatione
498 1897 568 1938 -oov
591 1881 757 1939 sexcenties
778 1885 845 1940 tert.
869 1901 947 1958 pers.
969 1881 1045 1958 plur.
1069 1885 1163 1956 praet.
1185 1880 1217 1938 in
1235 1901 1266 1937 -ν
1288 1879 1352 1940 cxi·
1461 1955 1466 1962 .
1527 1931 1531 1956 ,

266 1990 351 2046 rent:
373 1977 527 2058 κόσμηθεν
550 1974 704 2058 ἐφόβηθεν
721 1975 873 2057 σήκασθεν
894 1975 1021 2061 ἄγερθεν
1044 1974 1136 2058 δάμεν
1157 1972 1224 2038 ὅθεν
1242 1973 1352 2056 βλάβεν

267 2083 340 2161 ἔβαν
362 2081 531 2156 doreseta,
553 2083 738 2158 grammatici
759 2085 792 2142 in
810 2083 848 2143 iis
864 2084 1005 2144 nimirum
1027 2103 1178 2161 syncopen
1197 2101 1285 2162 quam
1300 2101 1351 2142 eos

265 2203 338 2266 prae
353 2186 460 2247 ceteris
481 2187 570 2247 rebus
591 2187 624 2246 in
639 2185 753 2246 deliciis
767 2184 907 2246 habuisse
929 2187 1036 2245 scimus
1051 2185 1192 2247 vicerunt
1212 2185 1352 2255 diversis·

266 2309 324 2371 qne
346 2290 481 2350 dialectis
507 2291 619 2348 formas
640 2287 814 2348 Homericae
834 2289 986 2351 vindicare
1016 2287 1193 2348 studuerunt
1214 2287 1352 2348 Aeolicto

265 2393 423 2454 Boeoticae
444 2390 730 2464 DoricaeIonioaa.
779 2388 828 2450 Sic
857 2411 882 2450 e.
906 2407 934 2465 g.
965 2383 1120 2466 κόσμηθεν
1150 2389 1243 2450 schol.
1269 2387 1301 2448 Γ.
1324 2395 1351 2448 1.

264 2495 409 2554 Doricum
425 2495 492 2567 fuit,
515 2497 618 2552 contra
637 2493 729 2552 schol.
746 2493 784 2552 ad
800 2494 925 2554 Theocr.
943 2495 970 2566 7,
988 2496 1028 2552 60
1050 2493 1093 2570 (v.
1110 2492 1219 2553 (loettl.
1237 2493 1273 2551 de
1290 2510 1350 2552 eoo.

265 2615 295 2673 p.
313 2603 362 2656 69.
385 2599 458 2660 Ahr.
474 2596 515 2654 II.
538 2616 566 2672 p.
585 2600 634 2654 99.
657 2615 686 2654 ιι.
704 2597 735 2672 9)
752 2595 801 2654 'sic
822 2595 976 2657 adnotavit
999 2596 1036 2653 ad
1058 2591 1215 2666 ἒφῖλαθεν·
1238 2590 1298 2653 ἔστι
1320 2587 1352 2650 dl

266 2691 409 2756 Αἰολικὸν
426 2688 467 2766 οἱς
482 2693 531 2754 καὶ
548 2690 582 2755 ad
599 2688 777 2771 ἐκόσμηθεν,
801 2697 911 2755 rectius
927 2717 1049 2771 gramm
1066 2695 1098 2756 in
1116 2697 1165 2756 Et.
1179 2697 1221 2756 M.
1237 2715 1267 2774 p.
1281 2695 1351 2768 539,

266 2807 305 2860 39
328 2799 488 2860 iudicavit:
510 2789 528 2856 o‘
551 2789 687 2870 ἀόριστος
710 2790 922 2874 ἐκοσμήθησαν
942 2831 977 2844 «-
995 2801 1133 2882 συγκονιῇ
1151 2797 1261 2878 γίνεται
1281 2791 1351 2855 κόσ-

268 2905 380 2978 μηθεν·
404 2893 515 2975 ὁμοίως
537 2892 570 2958 cd
590 2891 702 2976 τράφεν
721 2901 868 2979 Δωρικῶς
886 2897 935 2958 καὶ
954 2895 1095 2970 Ἰωνικῶς
1116 2897 1166 2960 καὶ
1188 2893 1224 2959 τοὶ
1246 2893 1351 2974 ὅμοιον

266 2998 446 3080 ἒφιὶνθησαν
475 2999 528 3061 καὶ
555 3004 720 3078 ποιητικῶς
748 2994 768 3078 ἦ
797 2999 945 3072 Αἰολικῶς
974 2995 995 3078 ἢ
1025 3004 1170 3081 Δωρικῶς
1202 2995 1350 3076 φάανθεν.

265 3108 325 3168 Sed
347 3107 476 3166 snifioiat
496 3105 623 3166 lectores
645 3105 670 3164 si
694 3105 745 3184 qui
767 3106 828 3166 sint
849 3106 1001 3166 remittere
1022 3106 1060 3164 ad
1083 3125 1118 3164 ea
1141 3121 1216 3184 quae
1234 3101 1352 3164 Ahrcu·

266 3210 329 3270 sius
345 3211 371 3269 1.
393 3231 422 3288 p.
440 3214 510 3268 911.
528 3231 556 3268 ιι.
573 3215 601 3268 6.
624 3209 665 3267 11.
684 3209 755 3267 317.
778 3227 806 3268 n.
825 3210 853 3267 7.
876 3214 907 3267 ot
923 3207 1065 3274 Lentrius
1082 3209 1119 3266 ad
1136 3207 1208 3266 Her.
1228 3227 1257 3264 π.
1275 3210 1351 3264 καθ.

265 3313 303 3372 fr.
321 3311 381 3370 973
405 3330 431 3383 e,
452 3312 494 3369 II.
518 3329 546 3386 p.
565 3316 636 3369 964.
660 3329 676 3367 e
697 3311 790 3371 vestis
811 3309 987 3369 eruditionis
1006 3309 1215 3384 grammatices
1236 3308 1353 3368 horreis

267 3417 486 3486 suggesserunt.
532 3411 694 3474 Quaerenti
714 3410 808 3484 igitur
830 3411 913 3470 cuius
935 3411 1101 3470 sententiae
1122 3429 1227 3469 manns
1250 3411 1352 3470 demus

149 3513 151 3516 ’
266 3513 432 3590 respondeo
455 3515 507 3569 cut
524 3531 626 3569 omnes
648 3517 700 3570 aut
721 3512 835 3570 nullum
850 3518 931 3571 recte
952 3511 1111 3585 iudicasse;
1134 3513 1261 3572 absurde
1279 3531 1351 3574 vero

266 3614 416 3676 Ameisius
438 3633 467 3690 p.
485 3617 523 3671 52
553 3611 620 3670 illes
642 3613 801 3672 Boeoticae
823 3613 948 3672 dialecto
977 3613 1153 3686 adsignavit.
1196 3617 1353 3689 Leguntur

266 3737 338 3778 sane
361 3722 391 3776 et
410 3715 564 3776 breviores
583 3720 613 3774 et
629 3715 780 3788 longiores
796 3713 1020 3776 terminationes
1039 3715 1071 3774 in
1089 3715 1214 3775 Aeolide
1236 3719 1276 3794 (v.
1293 3718 1351 3776 Lo·

265 3820 350 3882 book.
372 3821 410 3880 ed
424 3820 536 3878 Buttm.
557 3820 599 3877 II.
621 3839 650 3895 p.
670 3823 715 3877 13.
739 3820 813 3877 Ahr.
829 3818 854 3876 Ι.
877 3837 906 3893 p.
926 3822 994 3877 144.
1017 3818 1059 3877 II.
1082 3837 1110 3894 p.
1129 3817 1211 3893 519),
1232 3819 1303 3877 illce
1319 3819 1352 3877 in

265 3924 378 3983 Doride
401 3923 453 4000 (II.
476 3941 506 3998 p.
523 3921 611 3998 317),
641 3925 747 3980 neutra
776 3921 808 3978 in
835 3920 978 3978 Boeotios.
1005 3919 1132 3978 dialecto
1150 3919 1197 3998 ’(Ι.
1220 3941 1250 3998 p.
1268 3922 1352 3998 211).

266 4026 428 4088 Enimvero
450 4024 621 4084 terminatio
642 4045 673 4081 -ν
695 4023 857 4100 simplicior
886 4041 978 4102 esque
1001 4041 1077 4101 quae
1102 4037 1186 4080 -εσαν
1207 4028 1254 4080 cst
1274 4021 1352 4080 anti·

266 4129 363 4208 quior,
386 4133 456 4186 unte
474 4144 561 4207 quam
581 4145 647 4185 cum
660 4126 700 4184 ‘in
719 4126 779 4184 fine
795 4125 901 4183 fuisset
917 4123 1082 4202 antiquitus
1099 4143 1114 4179 τ
1134 4123 1226 4197 longa
1240 4123 1353 4184 vocalis

267 4230 343 4288 aliae
370 4235 545 4290 conservate
571 4235 606 4288 ut
627 4248 744 4306 semper
765 4231 901 4304 correpta
931 4233 977 4286 est
1006 4228 1047 4305 (v.
1065 4227 1139 4286 Ahr.
1166 4225 1241 4284 coni.
1264 4224 1298 4281 in
1320 4242 1353 4297 μι

265 4351 295 4410 p.
314 4336 360 4391 10.
383 4333 426 4391 Il.
448 4353 477 4410 p.
495 4337 544 4390 99.
576 4331 709 4391 Curtium
731 4331 767 4390 de
784 4336 907 4407 tempor.
931 4335 962 4388 et
978 4330 1055 4388 mod.
1077 4349 1106 4406 p.
1123 4327 1194 4386 973.
1217 4327 1253 4384 de
1268 4323 1350 4383 verb.

266 4453 295 4510 p
309 4437 377 4490 143.
396 4439 466 4494 195.
489 4433 597 4495 Christ.
611 4455 640 4511 p.
656 4438 703 4492 89.
723 4439 762 4491 99
792 4432 916 4492 Meister
932 4431 1014 4491 Stud.
1031 4433 1083 4491 IV.
1100 4451 1129 4507 p.
1144 4427 1217 4503 420)
1232 4427 1352 4501 praeter

265 4532 444 4612 Delphicum
472 4529 628 4612 ἆνιελύθην
654 4535 713 4614 (cp.
736 4536 882 4596 Weschor
909 4539 939 4594 et
960 4535 1097 4592 Fouoart.
1119 4532 1237 4599 etot,
1259 4531 1290 4600 1,
1320 4547 1351 4588 v.
