3424 5386
884 401 928 466 54

366 555 446 635 quod
462 559 612 618 servatum
629 563 675 617 est
695 559 728 617 in
745 557 807 616 cod.
824 557 900 618 Van.
917 560 956 618 A.
978 557 1124 637 (Laroohe
1140 579 1170 636 p.
1188 556 1271 634 554),
1292 557 1342 620 νο1
1360 559 1453 634 vulgo

366 656 510 734 scriptum
532 654 647 737 συνεχὲς
667 659 859 735 relegandum
880 665 927 720 eat
945 661 1016 740 quia
1034 661 1118 721 verbi
1141 657 1197 736 ἔχω
1220 660 1344 738 spirans,
1368 661 1453 720 ouius

365 758 412 820 sis
433 762 512 838 apud
533 762 697 822 Homerum
719 780 780 820 non
801 768 956 840 torpuerat
977 763 990 840 (
1011 809 1018 822 .
1037 761 1063 841 5.
1080 768 1131 840 12,
1150 763 1198 840 2),
1228 763 1367 843 antiquo,
1389 783 1453 822 uon

366 863 499 922 Aeolidis
520 862 642 942 proprio
659 863 746 922 modo
761 865 1010 925 adsimilationam
1031 865 1081 927 vel
1095 864 1207 927 vocalis
1226 865 1452 942 productionem

366 965 479 1036 effecit3
502 969 540 1025 of.
554 970 709 1042 praeterea
723 967 839 1027 Hartel.
855 989 884 1046 p.
901 973 973 1028 455.
991 968 1063 1027 457.
1080 997 1122 1013 -
1144 967 1202 1026 aad
1215 987 1253 1026 ne
1266 967 1299 1026 in
1316 967 1453 1027 mediis
1547 993 1550 1003 ι

367 1067 487 1146 quidem
504 1067 628 1129 vocibus
657 1069 735 1127 hano
766 1069 1009 1129 consuetudinem
1030 1069 1170 1129 Aeolicae
1196 1069 1316 1130 dialecti
1342 1069 1454 1130 fluibus

368 1169 497 1229 coerceri
521 1171 629 1230 docent
656 1173 749 1230 verba
769 1167 871 1246 ἕννυμι
898 1192 953 1249 pro
980 1167 1082 1248 troops
1112 1171 1198 1248 (Ahr.
1213 1171 1239 1231 I.
1262 1193 1289 1250 p.
1309 1171 1360 1250 52)
1387 1189 1455 1246 npe-

368 1262 498 1348 μοὶινομι
512 1293 566 1350 pro
577 1266 761 1352 κρεμάσνομι
776 1266 873 1348 βάλλω
884 1267 1007 1349 ἅλλομαι
1021 1271 1211 1349 νανιλλλομοι
1221 1269 1327 1333 στέλλω
1338 1264 1453 1347 ὀφέλλοι

370 1371 488 1452 (augeo)
504 1395 559 1453 pro
578 1369 672 1452 dailjor
688 1382 744 1437 eto.
767 1376 807 1454 (v.
824 1379 904 1436 Oui-t.
922 1377 959 1434 de
978 1381 1103 1453 tempor.
1122 1381 1152 1436 et
1165 1377 1243 1435 mod.
1262 1397 1291 1453 p.
1308 1377 1371 1456 96),
1392 1378 1454 1435 for-

369 1479 448 1536 tasse
469 1473 547 1556 λρρω
568 1479 675 1559 inquo
693 1479 764 1558 quid
779 1478 837 1538 sibi
852 1478 927 1540 velit
942 1479 1053 1555 duplex
1069 1500 1086 1554 ρ
1104 1478 1274 1552 ambiguum
1296 1481 1342 1536 est
1359 1477 1452 1555 (Ourt.

370 1579 407 1638 de
429 1581 510 1641 verb.
533 1601 561 1658 p.
578 1581 663 1660 207),
686 1585 717 1639 et
737 1601 767 1640 n.
785 1601 813 1658 p.
832 1581 951 1658 Βορρᾶς
972 1599 1025 1658 pro
1044 1582 1146 1641 Ionioo
1163 1576 1276 1658 Βορέης
1297 1580 1329 1656 (i.
1344 1579 1375 1638 h.
1392 1581 1455 1658 pri-

370 1680 449 1740 stino
466 1674 577 1757 Fo'ojuo
597 1688 633 1742 ut
647 1683 768 1743 curum
783 1704 813 1760 p.
830 1688 901 1743 325.
918 1688 978 1742 555
995 1683 1144 1762 coniecit).
1186 1674 1317 1754 Ὀφέλλω
1336 1682 1456 1760 quidem

373 1783 454 1862 quod
468 1783 618 1858 significat
631 1781 760 1859 „debeo”
774 1790 804 1844 et
819 1782 894 1863 t‘ppu
906 1785 1090 1860 grammatici
1101 1787 1138 1844 ad
1146 1785 1302 1844 Aeolidem
1314 1803 1457 1844 revocare

371 1886 469 1946 moliti
491 1892 572 1959 sunt;
594 1888 652 1948 hoc
672 1887 767 1962 igitur
785 1887 1000 1962 grammaticali
1020 1907 1145 1968 quorum
1167 1886 1332 1946 doctrinam
1348 1887 1456 1946 Eusta-

370 1989 453 2048 thius
474 2011 503 2067 p.
526 1994 615 2063 1648,
638 1995 675 2049 12
699 1989 783 2068 (756,
802 1997 841 2049 32
865 1991 962 2050 adfert
976 1991 1096 2050 Almana
1113 1990 1139 2049 1.
1162 2011 1191 2067 p.
1211 1995 1259 2048 53.
1282 2010 1312 2049 n.
1330 1989 1381 2068 11)
1404 1991 1456 2050 ad-

370 2091 471 2170 ripuit,
486 2093 643 2152 Aeolicum
654 2113 708 2170 pro
724 2090 802 2170 εἲρω,
819 2093 959 2152 nimirum
970 2092 1094 2152 Aeolica
1105 2092 1259 2169 aphaeresi
1270 2111 1324 2169 pro
1336 2087 1456 2165 φθιίρω

372 2211 436 2252 esse
448 2193 579 2272 ineptius
597 2199 771 2270 statuerant,
794 2195 901 2277 quibus
913 2195 1102 2254 Herodianus
1116 2196 1241 2256 verbum
1254 2195 1376 2252 unicum
1393 2213 1457 2252 csse

370 2301 478 2355 uetans
495 2298 668 2358 adversatae
690 2303 736 2357 est
753 2318 785 2356 π.
802 2301 874 2356 καθ.
891 2317 941 2374 πρ.
960 2298 985 2358 I.
1007 2318 1037 2375 p.
1054 2293 1147 2377 452(ss
1171 2295 1211 2373 (v.
1230 2315 1261 2354 ιι.
1278 2287 1382 2372 μονήρ.
1401 2291 1456 2367 ast.

372 2397 406 2455 Β.
423 2403 473 2469 48,
493 2403 540 2461 10.
562 2400 603 2458 II.
623 2420 652 2478 p.
670 2396 792 2480 946)9);
815 2397 896 2476 εἴπερ
916 2385 970 2457 οὖν
987 2391 1138 2471 Αἰολιιιόν,
1160 2393 1296 2474 ζητητέον
1317 2395 1345 2456 ιλ
1361 2391 1459 2457 αὐτοῦ

371 2484 410 2574 ἦν
430 2492 550 2573 κοινόν,
579 2495 617 2559 οὐ
639 2493 695 2580 γὰρ
718 2493 791 2560 oded
813 2492 846 2560 vd
869 2498 987 2579 φθιλρω
1014 2491 1055 2569 oie
1076 2497 1191 2558 οἰόνιοό
1211 2519 1294 2568 τινες.
1316 2533 1358 2544 -
1395 2501 1456 2560 Pro

371 2601 489 2676 wlgari
511 2608 610 2664 autem
631 2596 741 2678 ὀφείλω
764 2605 851 2684 quod,
874 2623 935 2662 non
957 2623 1011 2681 per
1032 2601 1208 2680 epenthesin
1230 2601 1348 2661 litterae
1361 2601 1384 2676 j
1405 2603 1458 2660 sed

371 2726 426 2783 per
445 2707 673 2784 productionem
691 2706 1026 2786 suppletoriamortum,
1048 2704 1196 2783 posterior
1216 2723 1287 2764 usus
1308 2703 1457 2778 adhibuit,

372 2813 408 2868 ut
430 2827 505 2888 quae
523 2810 617 2870 curui
641 2809 790 2873 sententia
811 2813 857 2869 est
876 2831 907 2887 p.
924 2813 994 2881 630,
1016 2827 1037 2867 a
1051 2810 1144 2870 verbo
1160 2807 1321 2887 aequisono
1340 2799 1457 2879 ὀφέλλω
1497 2871 1499 2884 1

373 2910 492 2989 (augeo)
514 2919 617 2991 posset
635 2913 780 2988 distingui
802 2911 850 2990 (cf.
868 2913 1027 2985 Bragman.
1045 2932 1074 2988 p.
1093 2911 1263 2988 121,126),
1286 2908 1458 2986 saepissime

372 3013 406 3072 in
416 3015 585 3074 Homericis
600 3016 781 3076 carminibus
795 3015 905 3089 legitur
916 3012 1068 3092 antiquior
1084 3017 1115 3072 et
1126 3013 1206 3070 iusta
1219 3013 1315 3072 forma
1327 3004 1457 3084 ὀφέλλοι

374 3109 666 3191 χρεῖος-ὀφὲλλετοι
678 3137 702 3194 γ.
712 3118 782 3176 367.
795 3105 939 3193 μοιχάγρι’
948 3108 1064 3186 ὀφέλλει
1073 3117 1106 3176 0.
1117 3115 1186 3172 362.
1199 3103 1316 3192 ζωάγρι’
1326 3105 1460 3186 ὀφέλλεις

374 3219 408 3274 d.
425 3222 497 3274 462.
520 3215 565 3292 (in
585 3217 646 3276 fine
663 3235 767 3279 semus
783 3217 841 3295 bis)
862 3206 968 3293 χρεῖος,
989 3206 1023 3273 ad
1039 3247 1082 3258 -
1096 3206 1216 3287 ὀφελλεν
1238 3234 1270 3287 φ.
1290 3216 1326 3275 17
1350 3221 1381 3275 et
1401 3215 1458 3274 im⁴

374 3319 538 3394 perfectum
553 3311 674 3392 ὄφελλεν
688 3319 743 3397 (a
754 3317 890 3395 debebat)
905 3318 943 3380 A.
956 3322 1026 3378 353.
1043 3309 1179 3389 ὀφέλλετε
1199 3317 1231 3376 Τ.
1243 3321 1315 3377 200.
1334 3309 1459 3391 ὀφελλον

374 3423 407 3480 0.
418 3422 490 3482 312.
509 3412 641 3492 ὄφελλον
656 3419 691 3480 Z.
704 3423 775 3483 350.
795 3411 889 3488 oie-
903 3410 1033 3492 tiacllov
1049 3417 1090 3482 Ω,
1106 3419 1176 3480 764.
1200 3411 1327 3493 ὀφελλες
1344 3416 1372 3481 d.
1384 3418 1459 3477 472.

374 3517 438 3582 ate’
462 3513 588 3598 ὤφελλες
607 3518 639 3587 Ξ,
658 3528 706 3583 ει.
729 3514 839 3596 daun
854 3521 891 3584 Σ.
911 3525 959 3585 19.
982 3522 1015 3583 Ρ.
1034 3527 1106 3580 ese.
1125 3515 1192 3580 αλλ’
1215 3513 1320 3594 ὤφελλ’
1343 3535 1367 3580 o.
1384 3524 1457 3580 λοι.

376 3618 417 3698 ὥς
435 3617 540 3699 ὤφελλ’
556 3626 598 3690 H.
613 3632 684 3686 soc.
702 3623 726 3696 ξ.
743 3631 792 3687 es.
816 3616 857 3694 ὥς
878 3616 989 3697 ὄφελλε
1007 3623 1047 3683 Χ.
1062 3629 1132 3697 481,
1158 3623 1207 3701 (of.
1224 3624 1335 3683 Reum.
1354 3639 1400 3696 gr.
1414 3623 1457 3680 11.

374 3753 403 3810 p.
421 3735 492 3793 261.
519 3727 674 3788 Matthiae.
692 3749 736 3803 gr.
755 3727 781 3806 ἓ.
797 3733 868 3792 245,
889 3730 915 3791 I.
937 3747 967 3806 p.
983 3731 1053 3787 629.
1081 3728 1112 3786 0.
1130 3728 1165 3788 F.
1182 3725 1284 3785 Amaia
1298 3725 1331 3786 iu
1349 3744 1417 3802 app.
1431 3723 1458 3784 I.

376 3855 405 3912 p.
422 3837 462 3894 39
482 3833 520 3891 ad
540 3853 566 3912 y.
583 3831 658 3910 367)
679 3831 765 3892 iuxta
780 3833 923 3892 aoristum
945 3822 1052 3905 ipsios
1070 3821 1258 3904 discolorato.
1281 3827 1330 3906 (ct
1347 3827 1459 3905 imper·

374 3937 484 3996 tectum
507 3926 623 4009 ὀφειλεν
644 3953 690 4012 ap.
707 3933 829 3995 Hesiod.
846 3954 866 3994 ε.
886 3931 968 4010 174).
1010 3932 1177 3992 Scholiasta
1192 3929 1412 3994 videlicetood.
1427 3931 1459 3988 A

376 4039 414 4098 ad
425 4041 463 4099 A.
477 4044 541 4098 356.
551 4036 721 4118 adscripsit:
745 4030 880 4112 ὄφελλεν·
897 4028 1013 4110 ὀφειλεν
1023 4031 1171 4102 Αλολιιιοῖς
1186 4024 1226 4102 uic
1240 4035 1332 4109 χεῖρες
1341 4026 1459 4109 ’χέρρεςς

377 4140 466 4199 etiam
480 4141 626 4201 Matthiae
642 4161 671 4220 p.
688 4146 749 4200 600
767 4141 803 4198 ds
817 4137 940 4200 Aeolica
952 4135 1195 4215 pronuntiatione
1211 4133 1353 4208 cogitavit
1368 4138 1458 4213 atque

252 4327 255 4334 Δ
378 4242 500 4314 agnovit
519 4243 702 4306 Aeolismum
723 4239 903 4302 Ribbeokius
924 4239 958 4299 in
974 4236 1075 4296 Iahnii
1096 4257 1165 4299 ann.
1188 4256 1216 4298 v.
1234 4241 1282 4294 66.
1306 4255 1335 4311 p.
1356 4241 1390 4296 ll
1414 4236 1459 4295 l·
