3126 5256
849 723 909 789 156

334 881 501 942 seiunctum
524 883 578 940 est.
622 879 687 938 Etsi
708 879 740 938 id
762 880 916 938 confutare
942 878 992 940 vol
1014 879 1140 938 rectiora
1161 879 1299 938 evincere
1321 879 1426 940 stricta

333 968 450 1042 ratione
471 980 593 1040 minime
616 981 702 1054 licet,
724 980 782 1040 hoo
804 981 913 1041 certius
933 981 1053 1042 ridetur
1073 984 1104 1040 et
1124 979 1278 1056 Apollonii
1300 981 1425 1058 Dyscoli

333 1084 454 1145 verbor·
472 1079 545 1155 φασὶ
570 1077 603 1140 δὲ
624 1073 750 1140 salros
773 1073 968 1158 Ἀρίσταρχον
990 1075 1125 1157 ἀσμένοις
1151 1073 1206 1158 τὴν
1227 1073 1348 1160 γραφὴν
1368 1083 1426 1142 τοῦ

332 1177 521 1261 Δικαιάρχου
550 1179 836 1270 neocaesaream)
869 1188 901 1243 et
929 1185 1066 1244 anecdoti
1096 1188 1303 1260 praeceptum:
1335 1182 1424 1260 acla-
1467 1179 1469 1184 ’

333 1302 382 1346 σιν
391 1287 441 1364 ²⁴.)
454 1280 712 1364 ἀναγινώσκεσθαι
722 1280 841 1343 Αἰολίδι
851 1280 1001 1366 διαλέκτῳ,
1017 1286 1097 1364 quod
1110 1285 1248 1364 Osannus
1262 1304 1291 1360 p.
1304 1289 1365 1344 283
1377 1305 1421 1366 sq.

333 1389 378 1449 sic
400 1392 615 1448 commentatus
635 1393 696 1447 est:
718 1386 901 1446 exaratoris
921 1386 1072 1446 sententia
1091 1387 1268 1460 „dialectum
1280 1405 1342 1466 ¹qua
1356 1387 1422 1448 Ho-

333 1509 433 1552 merus
460 1489 638 1567 scripsisset,
668 1488 864 1566 probabiliter
891 1489 970 1567 quod
999 1507 1067 1547 enm
1096 1489 1218 1548 natione
1244 1487 1422 1548 Aeolensem

330 1597 460 1668 putaret,
482 1591 635 1651 Aeolicam
654 1591 756 1664 fuisse,
778 1597 868 1669 atque
884 1590 938 1650 ubi
956 1591 999 1648 de
1010 1587 1136 1665 singulis
1149 1589 1253 1650 formis
1274 1589 1421 1651 dubitatio

331 1693 485 1767 incideret,
507 1691 589 1752 illius
604 1691 748 1752 sermonis
770 1692 808 1750 ad
821 1711 955 1750 normam
974 1710 1023 1750 aas
1038 1693 1250 1768 conponendas
1268 1693 1421 1770 esse“¹⁶),

334 1795 450 1875 quippe
468 1811 546 1874 qnae
567 1793 670 1871 opinio
693 1813 780 1872 quem
808 1793 937 1872 maxime
956 1791 1130 1871 'Aristarcho
1153 1794 1301 1853 contraria
1320 1794 1421 1868 fuerit

332 1896 416 1955 nullo
449 1897 572 1956 omnino
601 1897 688 1954 modo
719 1895 756 1953 ad
789 1893 916 1952 eundem
944 1894 1159 1953 Dicaearchum
1189 1913 1277 1972 posse
1306 1895 1422 1956 referri.

333 1997 471 2058 Osannus
486 2003 586 2056 tamen
599 1996 652 2054 illa
667 2014 795 2075 quoque,
817 2015 893 2075 quae
909 1997 946 2053 A.
961 1996 1219 2080 Buttmannus²⁰)
1234 2003 1265 2056 ct
1279 1996 1422 2057 Graeien·

331 2099 441 2158 hanins
462 2101 499 2159 de
520 2098 701 2157 Dicaearcho
723 2097 957 2156 Lacedaemonio
983 2097 1173 2172 grammatico
1195 2097 1439 2178 Aristarchique'

331 2201 467 2260 auditore
488 2219 506 2260 a
526 2199 618 2258 Suida
637 2203 855 2258 conmemorato
877 2199 1121 2276 mmpcrmt1⁷)‚
1144 2198 1293 2259 Messenio
1314 2199 1422 2261 tribuit

331 2302 445 2362 Fuhrio
469 2323 498 2379 p.
517 2307 567 2361 44.
594 2301 750 2372 laudante3
781 2317 885 2375 reapse
914 2319 986 2360 vero
1016 2301 1052 2360 de
1083 2300 1147 2360 eius
1176 2300 1281 2361 suciis
1309 2301 1420 2362 criticis

333 2405 432 2464 minus
454 2408 570 2464 constat
591 2391 831 2482 quam'Osannus
853 2402 912 2479 (ap.
930 2403 1020 2460 Fnhr.
1038 2423 1067 2478 p,
1083 2407 1132 2461 44.
1151 2403 1225 2480 389)
1246 2407 1421 2479 persuasum

332 2506 438 2567 habuit
455 2513 555 2586 atque,
578 2523 731 2584 quaequae
753 2505 790 2563 de
807 2522 842 2563 co
857 2504 977 2580 cognita
996 2505 1148 2576 habemus,
1170 2505 1265 2580 magis
1284 2503 1420 2566 historici

333 2607 386 2687 qui
407 2608 457 2668 hic
477 2607 540 2668 illio
561 2612 715 2682 poetarum
735 2605 816 2666 locos
830 2605 944 2665 adlatos
962 2607 999 2664 ad
1016 2606 1190 2665 historicum
1212 2611 1243 2665 et
1256 2605 1419 2684 mythicam

330 2716 537 2784 argumentum
559 2707 705 2784 explicuit
718 2727 806 2787 quam
829 2707 1012 2782 grammatici
1032 2708 1142 2766 formas
1159 2725 1266 2767 vocum
1287 2707 1418 2768 curantia

329 2811 484 2885 ingenium
500 2810 627 2886 sapiunt.
669 2809 737 2868 Una
757 2809 852 2868 solum
866 2808 1040 2868 condicione
1060 2809 1093 2866 in
1108 2807 1220 2867 Osanni
1240 2809 1418 2868 senteutiam

331 2914 461 2972 concedo
484 2913 510 2973 si
531 2912 730 2972 Dicaearchus
757 2915 787 2970 et
806 2911 940 2988 Zopyrus
968 2910 1199 2984 „Alexandrinis
1219 2911 1418 2985 grammaticis

331 3019 428 3075 aetate
443 3015 592 3075 anterior“
614 3014 655 3091 (p.
673 3012 747 3089 284)
770 3013 935 3090 generatim
951 3013 1092 3073 atabulis
1107 3013 1143 3071 de
1158 3012 1280 3072 Aeolica
1294 3011 1419 3072 Homeri

332 3115 447 3192 origine
469 3116 629 3190 diuulgatis
649 3116 681 3174 id
703 3116 873 3178 definivisse
895 3115 1063 3188 creduntur,
1091 3116 1170 3194 qnod
1191 3113 1223 3173 in
1243 3113 1329 3172 illum
1350 3117 1418 3191 apte

332 3219 418 3278 cadit
462 3219 520 3278 Sed
541 3218 567 3278 si
588 3238 628 3278 ex
642 3217 869 3278 Homerioorum
886 3217 1049 3277 carminum
1070 3215 1135 3292 ipso
1158 3215 1257 3275 colore
1278 3220 1419 3293 „propter

333 3321 511 3380 creberrima
525 3320 670 3378 Aeoliami
691 3319 819 3395 vestigia
839 3319 872 3377 in
893 3317 1025 3398 antiquis
1047 3317 1266 3394 exemplaribus
1286 3319 1419 3378 nondam

331 3422 491 3482 admnuma
510 3427 544 3480 et
559 3421 756 3494 oblitterata“‚
779 3423 816 3480 ad
832 3439 908 3500 quae
922 3421 1002 3478 infra
1022 3414 1181 3493 recurram,
1201 3420 1234 3478 id
1254 3419 1418 3496 conlegisse

238 3503 240 3510 Ι
331 3522 478 3594 dicuntur,
502 3522 647 3582 contendo
670 3541 710 3580 cx
731 3541 766 3581 eo
788 3528 971 3596 argumento,
993 3539 1032 3578 ex
1049 3540 1108 3598 quo
1125 3539 1225 3601 neque
1244 3521 1418 3582 Hellanicus

401 3707 445 3766 13)
462 3720 502 3766 ap.
520 3704 686 3755 (iraalenhan.
703 3707 723 3754 1.
740 3721 765 3767 p.
779 3709 836 3755 399.
854 3721 878 3754 n.
891 3709 931 3755 69.
949 3706 1025 3752 Fuhr.
1042 3719 1067 3765 p.
1079 3707 1121 3754 til.
1139 3721 1164 3754 n.
1177 3707 1218 3756 83,

401 3793 447 3856 14)
462 3793 496 3840 Ut
513 3788 613 3855 ποίησιν
629 3805 716 3838 vocam
733 3792 781 3840 hoc
797 3793 850 3840 loco
866 3793 896 3840 de
913 3791 967 3839 sola
977 3791 1054 3838 Diade
1071 3790 1242 3850 intellegamus
1260 3807 1345 3842 omues
1362 3807 1416 3842 sua·

331 3877 392 3925 dent
408 3877 504 3936 calculi,
523 3877 589 3936 quod
605 3878 783 3925 demonstravit
797 3875 911 3925 Osannus
929 3875 1092 3937 probavitque
1103 3875 1254 3925 Ribbeoklus
1271 3876 1297 3925 iu
1315 3893 1418 3927 censura

329 3977 356 4024 p·
369 3966 398 4022 83
418 3963 577 4010 nihilominus
593 3963 637 4010 ille
654 3966 755 4024 propter
771 3963 897 4010 Aeolicam
910 3960 1036 4023 Odysseae
1055 3962 1186 4010 editionem
1198 3975 1273 4019 quam
1289 3965 1353 4010 male
1369 3965 1417 4012 hue

330 4048 416 4106 retulit
432 4052 457 4095 at
473 4047 576 4095 Iliadem
593 4055 619 4095 et
631 4046 769 4110 Odysseam
785 4047 887 4108 accepit,
904 4047 944 4094 oui
961 4047 1003 4095 alii
1019 4045 1206 4095 consentiebant
1225 4048 1260 4108 (r.
1279 4047 1385 4109 esngob.
1396 4050 1415 4097 1.
1514 4094 1519 4103 x

329 4148 355 4194 p.
367 4135 409 4182 db.
433 4133 525 4180 Amaia.
542 4133 614 4193 pb).

402 4219 445 4281 lb)
463 4217 568 4278 Sangeb.
579 4218 600 4266 1.
616 4233 640 4279 p.
654 4219 694 4267 85.
710 4217 765 4266 190.
783 4219 817 4264 11.
834 4233 859 4278 p.
870 4218 902 4268 ab
918 4217 1001 4278 posuit
1017 4231 1074 4264 eum
1089 4218 1172 4266 omnia
1189 4231 1252 4277 quae
1266 4233 1316 4267 uon
1334 4224 1416 4268 esseut

330 4303 432 4351 Aeolica
448 4303 514 4363 apud
525 4303 660 4350 Homerum
676 4304 703 4350 io
714 4302 841 4350 Aeolicum
856 4316 912 4350 essa
924 4302 1045 4350 remanda
1059 4303 1198 4364 cenamss03
1215 4303 1274 4351 itam
1285 4303 1415 4351 Amaisius.

399 4388 443 4447 tt)
465 4403 491 4436 v.
515 4387 679 4450 Qmestionas
704 4388 734 4437 de
758 4387 912 4438 Dicaearcho
937 4388 1039 4449 eiusque
1064 4388 1180 4450 operibns
1203 4391 1248 4436 etc
1277 4383 1415 4446 Numbnrgt

331 4473 404 4522 18³2.
422 4487 446 4534 p.
460 4474 483 4522 ³.

399 4557 443 4618 17)
461 4558 491 4606 cl.
510 4559 596 4607 Fabrii
612 4563 662 4608 not.
676 4559 716 4610 3⁵.
734 4573 758 4620 p.
773 4561 813 4608 tt.
833 4617 835 4624 Α
