3424 5386
792 423 833 487 79

255 577 359 638 'nude-
392 585 423 637 et
450 580 573 639 verbum
605 570 710 655 πηύύω
740 575 823 636 nullo
853 576 1011 636 intercedit
1041 577 1227 636 necessitudo
1261 565 1354 655 (Curi.

273 703 301 758 p.
320 684 404 759 601).

357 785 416 843 ΠΙ.
460 783 500 841 u.

356 890 393 944 A.
427 887 456 962 1)
472 885 518 944 Ad
530 886 680 946 Aeolicum
695 886 807 946 vocalis
823 907 846 943 ω
860 885 892 943 in
906 890 926 943 ῦ
942 884 1135 955 mutationem
1152 903 1239 962 quam
1261 903 1356 975 grem

273 989 370 1047 matioi
394 990 537 1068 exemplis
566 982 668 1066 χελύνη
690 988 739 1048 vel
765 984 867 1062 χέλυνα
895 989 1014 1065 (Bergk.
1038 988 1066 1046 S.
1089 989 1125 1046 fr.
1145 993 1212 1046 169.
1237 1007 1263 1063 p.
1281 992 1351 1059 924,

271 1092 306 1150 fr.
324 1095 373 1150 46.
390 1113 418 1169 p.
433 1092 507 1168 892)
530 1111 583 1168 pro
600 1083 709 1166 χελώνη
731 1091 817 1165 (Ahr.
834 1092 860 1149 Ι.
879 1111 907 1166 p.
922 1092 970 1149 97.
1003 1090 1108 1148 Hirnel
1123 1110 1150 1166 p.
1165 1090 1217 1166 15)
1239 1096 1270 1148 et
1291 1085 1356 1147 τέκ-

271 1213 329 1250 των
340 1213 394 1270 pro
404 1190 513 1252 νέκτυν
530 1196 759 1273 comprobarunt,
783 1211 871 1271 qnam
887 1213 965 1252 nune
981 1193 1069 1252 etiem
1084 1192 1115 1250 in
1131 1192 1250 1250 nomine
1268 1185 1354 1266 Κύμη
1379 1225 1381 1230 .

271 1315 325 1370 pro
346 1296 444 1370 Κολμη
465 1290 559 1378 Κύμη
580 1296 629 1357 vel
655 1287 749 1370 Κύμη
770 1301 934 1369 agnoscunt
952 1295 1070 1354 Curtius
1093 1301 1131 1356 et.
1148 1316 1177 1371 p.
1192 1298 1260 1352 139.
1284 1295 1354 1354 Hi'r·

272 1398 364 1456 zelius
383 1420 412 1476 p.
429 1405 478 1458 20.
508 1400 650 1459 Gelbkius
669 1419 696 1476 p.
715 1404 752 1456 23
783 1399 814 1455 in
844 1398 941 1470 glossa
965 1397 1108 1474 Hesyohii
1137 1389 1273 1472 ρύθννες
1301 1417 1356 1474 pro

272 1493 414 1574 ύύθωνες
431 1497 542 1579 (neres)
559 1503 599 1560 M.
615 1501 794 1560 Sohmidtius
813 1500 870 1560 vol.
887 1502 944 1558 III.
960 1519 989 1576 p.
1002 1503 1062 1558 438
1085 1500 1118 1556 in
1141 1499 1238 1571 glossa
1257 1500 1357 1575 μύμνρ

272 1605 375 1676 μοίμος
393 1606 472 1663 Ourt.
488 1612 526 1663 et.
544 1625 571 1682 p.
587 1609 656 1676 314,
679 1609 795 1662 veteres
811 1603 926 1676 ingenti
942 1621 1087 1679 eonsensu
1103 1602 1281 1662 adieetivum
1293 1583 1354 1660 Ho-

272 1706 413 1765 merieum
442 1697 569 1782 ἀμύμων
592 1711 724 1784 speotere
753 1705 809 1764 sibi
838 1710 1047 1782 persuaserant
1069 1724 1193 1783 quoium
1215 1705 1356 1788 iudioinm

273 1829 310 1867 ex
332 1809 484 1885 Hesyohio
507 1829 587 1868 nuno
608 1809 825 1868 firmamentum
848 1809 953 1879 habet3
977 1809 1013 1865 of.
1033 1808 1142 1866 Herod.
1167 1827 1198 1866 π.
1221 1812 1297 1865 not.
1315 1809 1356 1866 II.

274 1913 352 1969 37οι
375 1909 405 1966 οἱ
426 1907 457 1967 δὲ
473 1905 555 1988 παρὰ
572 1905 605 1967 τύ
624 1912 727 1984 μῶμος
742 1903 817 1967 nunni
833 1906 969 1984 στέρησιν
985 1903 1109 1984 ἀμωμος
1126 1909 1217 1988 (quod
1234 1911 1357 1968 eandem

275 2012 523 2084 signifioetionem
543 2014 635 2070 habet
653 2013 730 2088 apud
748 2012 858 2070 Simon.
878 2015 914 2070 fr.
932 2019 959 2072 4.
989 2011 1128 2088 Aeschyl.
1146 2013 1228 2070 Pers.
1245 2016 1357 2071 ν.185.

275 2114 398 2173 Theoer.
417 2119 464 2187 18,
482 2120 530 2174 25.
557 2114 700 2173 Herodot.
715 2115 756 2172 H.
776 2135 800 2172 o.
817 2114 887 2191 177)
911 2105 1036 2189 ἀμύμων
1057 2106 1302 2191 παραούνθετον·
1325 2107 1358 2172 τύ

275 2211 307 2274 dd
335 2220 359 2274 oi
390 2214 431 2286 εἰς
459 2221 479 2273 ὗ
508 2208 548 2286 οἷς
574 2208 607 2274 τύ
636 2211 744 2294 χελώνη
774 2209 877 2292 χελύνη
905 2209 986 2292 παρὰ
1014 2217 1148 2290 Σαπφοῖ.
1199 2217 1359 2276 Notionem

275 2324 373 2378 eutem
396 2319 543 2378 Homerus
565 2321 629 2396 ipse
652 2320 723 2380 satis
745 2319 957 2397 interpretetus
979 2323 1024 2378 est
1045 2319 1139 2378 altere
1160 2321 1255 2378 forme
1277 2311 1359 2394 ἀμύ-

276 2441 367 2495 μητος
385 2441 459 2501 quae
473 2423 583 2497 legitur
599 2424 644 2481 Μ.
661 2429 719 2482 109
738 2422 825 2499 (seut.
838 2424 926 2482 Here.
941 2443 968 2484 ν.
987 2422 1069 2499 102),
1092 2424 1129 2480 of.
1146 2423 1248 2498 μῶμος
1263 2418 1290 2496 β.
1304 2427 1359 2493 86;

276 2530 364 2604 etque
392 2532 511 2600 preeter
532 2528 610 2585 huno
632 2526 672 2603 (v.
693 2529 775 2586 Eunt.
794 2527 864 2598 317,
882 2529 934 2605 46)
958 2516 1081 2600 ἀμωμος
1105 2526 1200 2601 (Eust.
1220 2547 1249 2602 p.
1268 2526 1357 2598 1857,

277 2630 330 2705 45)
361 2617 477 2704 ἀγαθὸς
504 2629 545 2704 (v.
569 2628 660 2688 sohol.
683 2633 717 2687 A.
744 2630 780 2686 ad
805 2631 841 2684 Α.
857 2629 932 2706 423)
963 2629 999 2686 de
1027 2647 1097 2686 areu
1129 2619 1279 2700 ἀμεμπτος
1309 2625 1358 2684 καὶ
1426 2623 1429 2628 ’

276 2720 362 2806 dymin
383 2728 487 2805 (sohel.
506 2731 540 2788 D.
559 2732 596 2787 od
616 2731 647 2787 Ο.
661 2731 735 2806 463)
758 2731 795 2788 (1ο
811 2731 968 2788 saltatione
985 2722 1159 2803 ἀμώμητος·
1184 2725 1243 2786 ἔστι
1263 2725 1296 2786 δέ
1317 2749 1360 2796 τις

278 2828 329 2889 καὶ
352 2823 452 2904 φαύλη
475 2823 593 2904 ὄρχησις
620 2831 722 2905 (sehet
743 2834 779 2888 A.
799 2832 833 2890 V.
856 2832 901 2888 ed.
922 2832 959 2887 N.
978 2831 1051 2906 637)
1080 2829 1246 2906 explicandi
1272 2847 1360 2888 eausa

277 2935 477 3012 adposuerunt
491 2933 673 3006 grammatiei
689 2937 719 2990 et
734 2931 967 3009 soholiogrophi;
991 2933 1170 2991 eontrarium
1186 2931 1278 3005 igitur
1292 2932 1359 2990 vooi

278 3057 301 3094 τ.
317 3040 386 3094 332.
409 3025 526 3110 ἀπηνὴς
540 3055 563 3092 τ.
579 3041 639 3093 329
656 3040 709 3093 est.
753 3038 852 3113 Atque
868 3035 903 3092 de
920 3055 974 3093 usu
989 3035 1052 3093 eius
1067 3036 1150 3092 Enst.
1166 3055 1194 3112 p.
1210 3034 1299 3108 1857,
1317 3040 1355 3093 43

277 3138 410 3199 laudavit
431 3139 518 3197 haee:
541 3139 637 3207 καλῶς
659 3130 717 3215 ἀρα
732 3137 923 3213 σεσημείωται
945 3128 1004 3194 dno*
1021 3138 1080 3194 τῶν
1095 3136 1236 3208 παλαίων,
1259 3129 1304 3196 du
1326 3131 1358 3196 τύ

179 3293 182 3296 .
278 3234 406 3316 ἀμύμων
428 3232 598 3316 προςύποις
619 3234 721 3315 μόνοις
749 3232 891 3318 ἦρωῖκοῖς
914 3237 1089 3312 ἐπιτίθεται,
1123 3233 1218 3318 ἤγουν
1240 3241 1359 3316 θνητῶν

279 3338 406 3413 ἐνδόξων
428 3335 602 3421 ἀνθρώπων
624 3340 701 3402 ἐστὶν
723 3340 871 3402 ἐπίθετον.
917 3345 984 3402 Vox
1003 3343 1095 3417 igitur
1110 3363 1198 3421 quam
1212 3343 1359 3402 Pindarus

279 3452 310 3505 et
330 3445 509 3524 posteriores
524 3447 599 3524 epici
623 3468 660 3506 ex
675 3449 805 3506 Homero
828 3447 952 3506 mutuati
970 3452 1052 3517 sunt,
1076 3446 1182 3520 tragici
1197 3465 1267 3505 vero
1284 3467 1358 3505 nnn-

280 3567 366 3628 qusm
388 3555 577 3624 usurparunt,
600 3549 648 3606 his
669 3550 741 3608 loeis
764 3555 861 3610 exstet
883 3551 919 3608 de
941 3548 1075 3626 personis
1094 3548 1243 3607 adhibite:
1267 3549 1359 3606 nomi-

279 3652 397 3712 nativus
420 3657 465 3709 est
486 3651 518 3708 in
537 3652 609 3710 fine:
632 3645 736 3725 μάννις
758 3645 886 3726 ἀμύμων
909 3653 945 3710 Α.
960 3657 1009 3710 92.
1026 3652 1048 3708 λ.
1062 3656 1111 3707 99.
1129 3656 1198 3710 291.
1224 3651 1361 3718 Γλαῦκος

280 3747 406 3828 ἀμύμων
429 3753 461 3810 Β.
477 3755 547 3810 876.
572 3747 690 3815 111426.
714 3747 842 3831 (Δαρης)
866 3747 995 3848 ἀμύμων
1018 3754 1053 3809 Ε.
1071 3758 1099 3811 9.
1135 3753 1263 3828 Τεῦκρος
1286 3742 1359 3826 ἀμύ-

281 3877 345 3932 μων
358 3855 392 3915 Θ.
408 3857 477 3914 273.
492 3860 562 3913 292.
579 3852 734 3926 Μενέλαος
744 3849 869 3932 ἀμύμων
884 3857 919 3914 Ν
934 3861 1004 3914 641.
1025 3851 1090 3929 νη1ς
1105 3848 1233 3929 ἀμύμων
1244 3849 1277 3916 Ξ.
1288 3857 1359 3913 444.

280 3952 347 4028 vide
369 3950 493 4033 ἀμύμων
510 3957 548 4014 Π.
565 3959 631 4016 197.
649 3956 675 4016 d.
692 3962 761 4018 789.
784 3953 973 4034 (Ἀντίλοχος)
984 3951 1123 4031 «ἀμύμων
1144 3978 1171 4033 γ.
1188 3961 1255 4014 111.
1282 3956 1360 4015 nsv-

281 4055 387 4137 τύνηος
409 4053 534 4135 ἀμύμων
548 4063 580 4116 d.
596 4066 664 4120 123.
688 4061 777 4120 semel
794 4063 871 4120 siout
885 4080 985 4119 omnes
1004 4078 1087 4118 eosne
1103 4058 1216 4137 obliqui
1236 4064 1267 4117 et
1281 4079 1359 4120 nom.

280 4163 356 4240 plur.
379 4168 447 4240 post
468 4163 588 4222 tertium
610 4166 797 4225 trochaeum:
827 4155 953 4239 ἀμύμων
976 4153 1214 4240 Βελλεροφόντης
1238 4162 1270 4220 Ζ.
1291 4167 1360 4224 190.

285 4258 437 4346 ἀμύμονος
467 4261 587 4344 ἰητῆρος
616 4272 651 4326 Δ.
671 4275 739 4328 194.
772 4269 809 4326 Λ.
831 4273 900 4326 518.
919 4269 989 4324 835.
1033 4255 1185 4340 ἀμύμονος
1213 4260 1361 4328 Αἰακίδαο
