3126 5256
831 733 894 800 144

318 879 400 966 παραὶ
423 879 592 966 Ἀττικοῖς);
624 905 693 948 nam
720 893 756 948 ut
784 887 856 948 alibi
882 887 926 948 ita
954 889 1032 966 apud
1054 887 1218 948 Homerum
1246 885 1405 964 vestigium

319 989 543 1069 antiquissimae
572 989 693 1064 linguae
722 991 842 1053 duravit
871 990 927 1068 (=
948 1010 1002 1068 pro
1032 986 1170 1068 ἕσσῙιται)
1202 1011 1232 1053 ν.
1262 992 1337 1050 Ahr.
1361 991 1403 1050 11.

318 1112 348 1168 p.
366 1097 437 1152 288.
459 1093 539 1152 Ourt.
563 1091 599 1152 de
621 1096 710 1171 temp.
735 1097 764 1152 et
786 1094 864 1154 mod.
886 1114 915 1171 p.
933 1097 1003 1152 310.
1025 1096 1095 1152 311.

755 1347 960 1358 -...-

702 1579 815 1684 Caput
841 1581 1011 1685 quintum.

789 1735 933 1817 Reliqua.

570 1889 596 1968 ἓ.
621 1895 669 1950 19.
712 1889 765 1950 De
787 1890 1158 1968 praepositionibus.

405 2008 492 2073 Quod
508 2027 589 2067 nunc
609 2009 690 2068 iuter
710 2029 812 2068 omnes
834 2009 907 2070 satie
928 2014 1058 2083 constat,
1079 2008 1297 2069 mutilationem
1317 2025 1404 2084 prae·

318 2109 501 2187 positionum
522 2110 585 2172 sive
612 2131 667 2188 per
695 2133 726 2170 se
755 2116 874 2171 exstent
903 2112 967 2174 sive
994 2131 1061 2170 cum
1083 2111 1207 2172 vocibus
1234 2109 1405 2188 conpositae

321 2215 391 2270 sunt
412 2212 449 2270 ad
470 2211 623 2272 elisionem
649 2219 679 2274 et
700 2233 852 2291 apocopen
872 2215 1001 2273 maxime
1028 2233 1243 2291 propensarum
1264 2212 1406 2291 antiquae

318 2313 439 2387 linguae
468 2315 658 2395 omniumque
685 2316 879 2390 dialectorum
905 2315 946 2394 (v.
970 2317 1047 2376 (lies.
1069 2337 1098 2394 p.
1115 2307 1189 2392 334)
1217 2313 1311 2374 fuisse
1337 2333 1405 2391 prc-

318 2415 414 2492 priem
437 2421 467 2475 et
488 2418 647 2496 praecipue
668 2419 701 2477 in
716 2425 871 2497 poetarum
892 2439 948 2478 usu
966 2418 1139 2493 legitimam,
1160 2416 1192 2474 id
1210 2417 1333 2475 minime
1354 2435 1406 2478 ve·

317 2508 432 2576 taribus
454 2520 653 2592 grammaticis
683 2540 856 2597 persuasum
879 2525 943 2580 erat
965 2521 1017 2599 qui
1046 2539 1112 2578 oum
1139 2519 1173 2576 in
1194 2516 1319 2577 Aeolide
1341 2537 1407 2576 cam

318 2619 520 2694 praevaluisse
535 2621 682 2682 vidissent
702 2615 796 2700 (ττσιροί
812 2619 971 2685 Αἰολεῦσιν
994 2615 1263 2698 συνεχέστερον
1279 2617 1314 2677 αἱ
1331 2638 1406 2696 ττρο·

317 2714 419 2788 θέσεις
446 2714 664 2798 σνγκότττονται
693 2745 722 2786 v.
744 2723 884 2801 Apollon.
913 2743 960 2801 ap.
990 2725 1062 2784 Ahr.
1080 2723 1106 2782 1.
1129 2743 1157 2800 p.
1177 2721 1249 2798 149)
1278 2721 1405 2799 proclivi

281 2832 285 2840 ’
318 2820 430 2880 iudicio
460 2822 614 2882 Aeolicam
642 2844 795 2903 apocopen
823 2826 954 2885 Homero
987 2825 1229 2896 inculcavenmt;
1262 2825 1335 2882 adeo
1369 2841 1406 2884 ca
1494 2841 1501 2850 ’
1560 2804 1563 2827 ⁸

319 2923 420 2999 opinio
442 2925 579 2986 haeserat
605 2931 640 2987 ut
661 2928 850 2987 Herodianus
871 2927 1023 2987 Aeolicam
1044 2926 1169 3004 psilosin
1190 2925 1273 2986 vocis
1294 2915 1402 3001 ὑββάλ-

317 3027 378 3084 λειν
406 3025 517 3086 axilla
538 3029 710 3089 defenderet
737 3029 776 3109 (ξ.
794 3037 824 3090 2.
843 3031 868 3090 Ι.
888 3030 928 3109 3).
966 3021 1111 3089 'Auctoris
1137 3027 1232 3102 igitur
1257 3028 1293 3086 de
1315 3029 1403 3086 Hom.

319 3127 388 3188 dial.
411 3148 440 3205 p.
457 3129 529 3188 477.
552 3127 755 3209 τιαὸδραὸέτην
769 3123 925 3209 ὑββάλλειν
939 3132 1020 3191 inter
1033 3131 1157 3191 Aeolica
1177 3130 1286 3188 rudera
1302 3129 1405 3189 remit·

319 3230 412 3290 tentis
427 3231 611 3313 aliorumque
634 3234 693 3293 alia
712 3235 887 3294 futilitatem
908 3235 1085 3308 redarguere
1099 3233 1195 3309 piget;
1218 3232 1311 3290 miror
1331 3251 1403 3292 vero

318 3333 500 3392 Ahreusinm
522 3335 558 3392 de
579 3335 657 3394 mist.
680 3357 710 3412 p.
728 3341 767 3394 65
791 3337 944 3396 Aeolicam
971 3355 1124 3412 apocopen
1151 3334 1184 3392 in
1205 3333 1404 3394 Anacreontis

317 3433 419 3495 verbis
442 3426 500 3492 uto
529 3430 562 3493 δὲ
582 3437 682 3506 λολττος
704 3433 826 3512 ἐσχίσθη
849 3438 896 3515 (fr.
918 3437 971 3514 80)
993 3436 1165 3512 agnovisee;
1197 3427 1254 3494 uto
1278 3430 1309 3494 δὲ
1332 3454 1404 3494 seue

309 3535 397 3611 ,apul
420 3537 456 3592 A.
478 3535 514 3594 fr.
533 3540 570 3593 41
596 3543 641 3596 est
666 3539 717 3596 sed
740 3539 832 3597 multo
853 3539 1041 3617 frequentius
1069 3527 1147 3615 apud
1168 3538 1332 3596 Homerum
1356 3537 1402 3614 (iu

317 3635 413 3696 Iliade
434 3642 481 3693 ter
503 3640 534 3695 et
553 3635 654 3696 tricies
677 3639 735 3696 nisi
756 3639 789 3696 in
812 3641 999 3714 conputando
1022 3639 1141 3718 erravi).

195 3778 262 3825 ,f
335 3783 339 3788 .
406 3739 435 3814 1)
458 3737 640 3797 Particulatn
654 3734 708 3818 πὲρ
724 3742 815 3800 semel
832 3761 851 3800 a
865 3741 1017 3800 nonnullis
1032 3760 1086 3816 pro
1101 3739 1321 3817 praepositione
1336 3733 1406 3815 περλ

317 3838 472 3899 Aeolicam
501 3839 655 3900 elisionem
683 3861 770 3921 passa
791 3843 925 3904 habitum
953 3863 1017 3902 esse
1039 3843 1147 3902 docent
1167 3840 1331 3901 Aristonici
1353 3841 1405 3900 ad-

291 3946 523 4016 ,notamsntum
544 3945 582 4002 ad
608 3943 641 4024 Ο.
659 3950 737 4006 651:
767 3936 924 4021 α’χνύμευοί
946 3964 1000 4024 περ
1023 3939 1157 4024 ἑταίρου·
1187 3935 1332 4020 ἡδιπλῆ,
1358 3933 1405 4001 ὅτι

319 4041 441 4104 ἐλλείπει
457 4035 478 4120 ἦ
494 4041 577 4124 aspi:
599 4038 663 4123 περ’
679 4043 805 4125 ἑταίρου.
835 4038 1004 4116 Ἑλλάνικος
1019 4042 1050 4106 δὲ
1061 4043 1211 4114 Αίολιιιολς
1227 4041 1336 4118 νομίζει
1349 4036 1405 4118 τήν

318 4141 385 4226 ττερλ
401 4140 455 4225 ττὲρ
472 4143 611 4224 εἰρῆσθαι
625 4148 720 4226 (Euat.
740 4169 770 4225 p.
788 4153 878 4222 1044,
901 4154 947 4209 15.
969 4151 1043 4208 Ahr.
1059 4150 1085 4210 1.
1105 4169 1134 4226 p.
1153 4152 1221 4221 150,
1240 4147 1273 4224 2)
1293 4145 1403 4205 stood.

317 4248 395 4308 Vict.
419 4249 525 4308 schol:
548 4241 691 4320 ’Ἄτταλος
713 4245 745 4309 δὲ
765 4243 920 4330 συγκοπήν
937 4267 1029 4326 φησιν
1052 4241 1093 4320 τίς
1116 4246 1147 4309 ἐν
1165 4248 1209 4329 τῷ
1229 4240 1298 4330 ιτταίρ
1319 4241 1403 4320 Ζηνί

317 4352 355 4410 Δ.
377 4355 410 4423 1,
437 4371 524 4430 quam
546 4353 781 4432 adsumptionem
803 4358 883 4413 recte
904 4354 1102 4432 improbarunt
1123 4351 1215 4411 schol.
1238 4350 1301 4409 cod.
1327 4347 1402 4407 Ven.

316 4449 350 4510 B.
366 4454 416 4513 L:
437 4453 529 4514 λτίιτει
550 4446 661 4534 inopi.
679 4451 756 4525 τινὲς
777 4450 809 4514 δὲ
825 4453 977 4527 Αλολικοῑς
999 4448 1032 4514 τὸ
1049 4447 1102 4532 ττέρ
1131 4444 1196 4512 ἄντ’
1218 4444 1312 4523 αὐτῆς
1330 4447 1403 4534 λαμ-

317 4545 468 4626 βάνουσιν.
499 4549 602 4634 ἀήθης
630 4552 662 4618 δὲ
689 4549 809 4642 Ὁμήρῳ
832 4551 852 4636 ἦ
878 4551 1000 4634 τοιαύτη
1022 4546 1195 4629 συναλοιφή.
1238 4551 1403 4631 Hucusque
