3126 5256
811 715 873 784 122

297 889 369 932 vero
392 868 507 930 heolioi
529 869 711 946 adsumptio,
732 887 750 927 a
772 887 833 948 qua
844 869 993 930 interdum
1012 874 1151 932 woentus
1170 871 1204 931 in
1222 872 1387 949 penultima

299 971 409 1034 resedit
422 971 455 1030 in
470 972 533 1032 cod
550 963 740 1050 κεκληγόντες
751 969 793 1048 (v.
809 969 832 1040 ξ.
845 977 887 1033 80
902 972 935 1034 in
950 973 1013 1032 cod
1029 971 1114 1032 Harl
1129 991 1177 1049 ap.
1188 975 1230 1036 Μ.
1242 973 1386 1037 Schmidt.

297 1074 368 1134 Did.
385 1093 413 1150 p.
425 1072 498 1134 207.
520 1072 651 1132 hobeok.
669 1072 774 1149 p.37>‚
794 1073 920 1138 fortasse
942 1091 960 1130 a
981 1073 1140 1150 Tryphone
1159 1075 1193 1134 in
1214 1075 1300 1136 libris
1317 1073 1387 1156 περὶ

300 1175 489 1249 πλεονασμοῦ
518 1175 573 1234 τοῦ
602 1169 635 1232 ἐν
662 1174 701 1255 τῇ
730 1169 848 1236 Αἰολίδι
878 1169 1019 1253 διαλέκτῳ
1049 1181 1101 1234 aut
1128 1172 1198 1254 saepi
1226 1178 1286 1236 cain
1313 1172 1381 1257 παρ’

297 1267 420 1356 Ὁμήρῳ
443 1269 604 1335 coacturos
623 1273 771 1336 illustrata
797 1275 856 1336 fuit
876 1277 955 1338 unde
982 1294 1046 1334 eam
1072 1277 1203 1353 adripuit
1224 1284 1327 1340 auctor
1348 1281 1385 1340 de

295 1378 423 1438 Homeri
444 1377 512 1438 dial.
535 1395 582 1452 ep.
601 1376 698 1438 Maitt.
720 1396 749 1456 p.
765 1377 836 1436 478.
860 1378 900 1456 (v.
918 1376 996 1438 (lies.
1012 1396 1041 1453 p.
1054 1378 1174 1456 46.m);
1195 1381 1385 1442 Herodianus

297 1484 402 1542 centn
416 1479 580 1555 disputavit
592 1479 777 1556 formamque
792 1471 980 1557 κεκλήγοντες
1000 1497 1089 1556 quam
1103 1481 1197 1540 solam
1210 1483 1385 1544 sanandam

297 1599 362 1642 esse
383 1581 527 1641 iudicavit
547 1599 609 1640 non
623 1580 774 1640 Aeolicam
797 1582 849 1640 sed
863 1580 1077 1658 Syracusanam
1099 1601 1163 1642 esse
1183 1582 1242 1642 sibi
1262 1601 1383 1660 persua·

298 1686 393 1752 aaran
415 1690 494 1742 nam'
507 1679 581 1750 ἔθος
602 1675 645 1752 δὲ,
667 1681 768 1759 inquit
789 1683 826 1740 ad
850 1681 888 1739 Π.
906 1687 985 1756 430,
1005 1683 1045 1764 τῷ
1068 1683 1177 1766 ποιητῇ
1199 1677 1294 1754 οὕτως
1316 1701 1384 1762 σχη-

295 1781 432 1857 ματίζειν.
477 1783 520 1844 ct.
540 1803 571 1842 π.
594 1773 639 1842 ’lt
663 1803 713 1862 κιρ..
738 1783 775 1841 ad
793 1783 839 1840 M.
857 1786 926 1842 125.
948 1785 990 1844 Π.
1011 1805 1038 1862 p.
1055 1790 1109 1846 81:
1130 1779 1320 1865 κεκλήγοντες
1339 1778 1384 1858 α”ς

297 1877 467 1962 ἇρήγοντες.
491 1878 528 1942 οὗ
551 1875 607 1961 γὰρ
625 1877 660 1942 τὸ
675 1876 847 1959 κεκληγόιες
862 1877 1018 1956 ἐπλεόνασε
1038 1887 1081 1968 τῷ
1101 1885 1130 1957 i,
1152 1881 1223 1946 οὗὸὲ
1243 1881 1327 1964 nepai
1347 1881 1382 1948 so*
1420 1915 1425 1922 ·

298 1978 389 2059 „titia
404 1979 574 2060 κεκληγώς(
598 1981 713 2060 ἐκλίθη,
736 1977 807 2042 ἀλλὰ
821 1977 903 2064 παραὶ
922 1978 955 2044 κε’
970 1983 1098 2066 κέκληγα
1113 1984 1231 2067 ’γέγονεν
1248 1980 1266 2050 ὅ
1280 1991 1382 2068 Συρα-

297 2079 558 2155 κοτῖοιοςλνεοτελς
571 2080 702 2163 κεκλήγοι
718 2107 764 2135 ·-·
787 2078 958 2157 ἀκόλουθος
977 2083 1009 2146 el
1029 2087 1071 2171 τῷ
1086 2082 1218 2169 κεκλήγοι
1239 2067 1344 2168 μετοχή
1361 2085 1383 2168 ή

297 2180 448 2265 κεκλήγων
462 2184 661 2267 βαρυνομένη,
683 2183 773 2246 ἔνθεν
787 2181 819 2246 τό
835 2182 1034 2267 κεκλήγοντες,
1055 2192 1092 2250 ad
1109 2188 1196 2262 830.
1216 2196 1248 2252 et
1262 2214 1291 2268 μ
1303 2199 1382 2255 256:

298 2282 503 2370 κεκλήγοντες·
534 2287 562 2350 ελ
581 2285 634 2366 μὲν
656 2282 706 2348 διὰ
727 2291 782 2348 τοῦ
805 2294 846 2361 oi,
869 2293 1124 2369 προπεριοπᾶται,
1154 2289 1182 2352 εἰ
1201 2288 1234 2352 di
1254 2287 1305 2354 0ιᾶ
1326 2297 1382 2355 τοῦ

296 2391 340 2464 οἳ,
362 2386 634 2470 προπαροξύνεται,
656 2411 689 2450 π.
713 2395 784 2450 καθ.
810 2413 860 2466 πρ.
878 2395 903 2453 Ι.
925 2414 954 2470 p.
969 2399 1040 2466 434,
1061 2395 1095 2453 λι
1122 2388 1255 2473 κεκλήγω
1275 2429 1311 2442 -··
1329 2393 1381 2456 καλ

292 2489 434 2573 πεπλήγω
453 2528 487 2540 -
508 2495 670 2570 ποιητικοῖς
689 2487 869 2572 βαρύνονται
889 2486 950 2553 ἄπιτ’
971 2495 1032 2552 τῶν
1053 2491 1280 2572 παρακειμένων
1299 2515 1382 2576 γεγε·

295 2590 384 2667 νότας
406 2598 478 2658 item
502 2588 673 2672 βεβρώθοις
690 2597 726 2651 Δ.
742 2601 791 2654 88.
814 2615 831 2654 e
853 2586 1003 2672 βεβρώθοι
1025 2603 1056 2654 et
1077 2592 1238 2670 ἐκλέλαθον
1259 2598 1294 2656 Β.
1309 2604 1379 2658 600.
1429 2601 1437 2608 “

295 2690 451 2756 stetten
473 2697 635 2764 Σικελικοῖς
661 2686 722 2753 dni
749 2697 805 2754 τοῦ
825 2692 936 2770 λέληθα
959 2691 1010 2754 κοιλ
1036 2687 1137 2766 Ἰακοῖς
1157 2695 1268 2758 illaec
1283 2717 1380 2777 ,expe-

294 2799 372 2859 divit
400 2799 440 2874 (v.
463 2800 568 2858 Lenta.
590 2805 652 2856 not.
675 2799 712 2856 ad
729 2797 770 2855 II.
794 2797 951 2874 830‚10);
980 2798 1031 2856 sed
1056 2797 1089 2856 in
1114 2799 1210 2861 forma
1229 2796 1380 2880 πέπληγον

293 2899 481 2961 Aristonicus
503 2899 714 2978 Syracusanam
737 2899 980 2986 consuetudinem
1001 2899 1214 2975 inprobaverat
1235 2901 1275 2980 (v.
1294 2903 1378 2963 Euat.

292 3021 322 3078 p.
338 3007 428 3076 1586,
446 3003 486 3079 3).
520 3005 661 3062 Attamen
682 3017 720 3060 ne
735 3000 911 3082 Syracusani
927 3001 1046 3081 quidem
1062 3001 1096 3060 in
1111 3002 1272 3064 masculino
1286 3003 1380 3080 parti-

292 3103 365 3180 cipii
386 3105 596 3166 conformando
619 3123 637 3162 a
657 3102 779 3177 vulgata
799 3102 1013 3164 consuetudine
1034 3107 1179 3180 quantum
1200 3103 1308 3167 scimm
1329 3105 1379 3164 de-

292 3206 451 3280 scivemnt,
473 3227 501 3268 v.
520 3208 593 3266 Ahr.
609 3207 651 3266 ΙΙ.
672 3223 700 3280 p.
714 3208 785 3264 831.
802 3208 872 3263 884.
915 3201 1075 3265 Quaeritur
1088 3203 1181 3278 igitur
1195 3223 1270 3284 quae
1284 3205 1380 3266 forma

293 3307 435 3366 maiorem
448 3309 558 3367 habeat
572 3306 819 3382 probabilitatem.
863 3305 1015 3378 Adparere
1032 3308 1131 3364 autem
1145 3305 1261 3366 confido
1278 3289 1379 3368 Aeoli·

293 3419 358 3466 cam
374 3407 494 3466 omnino
516 3426 577 3465 non
598 3405 811 3466 incertissima
825 3404 966 3464 memoria
986 3405 1116 3468 haesisse
1137 3406 1197 3466 nisi
1218 3408 1290 3468 satis
1310 3427 1378 3468 cou-

294 3508 409 3566 stanter
434 3525 474 3565 ox
487 3505 665 3585 antiquitate
679 3505 788 3565 traditu
804 3516 894 3574 esset;
916 3523 987 3564 eane
1001 3505 1133 3579 vulgaris
1154 3509 1191 3568 ab
1206 3509 1380 3571 Aristencho

292 3605 392 3682 potitit
412 3606 568 3679 inculcari,
596 3606 718 3664 minime
739 3623 811 3666 vero
832 3604 963 3664 Aeolica
1006 3605 1083 3666 Mihi
1110 3608 1230 3685 quidem
1257 3615 1380 3688 propter

292 3709 371 3768 hano
392 3707 640 3769 verisimilitatem
661 3705 843 3766 Aeolismum
865 3704 1057 3766 Homericum
1084 3708 1140 3768 cui·
1158 3728 1198 3768 ex
1217 3714 1282 3773 tote
1302 3711 1378 3772 anti·

293 3809 408 3888 quitata
426 3810 556 3870 maxima
575 3807 690 3870 adsedit
711 3807 785 3868 fides
801 3807 910 3868 rectus
928 3806 1047 3868 etesius
1068 3827 1096 3884 p.
1114 3812 1184 3870 197.
1204 3811 1378 3874 Dindorflus

293 3912 441 3988 Bergkius
458 3932 487 3989 p.
505 3917 575 3972 858.
595 3931 626 3971 n.
644 3915 711 3972 140.
750 3895 914 3970 mechius
934 3909 1074 3975 videntur
1094 3911 1184 3974 tutati
1206 3925 1271 3974 esse
1288 3932 1379 4012 quam

293 4115 450 4174 quaestiones
467 4114 613 4163 Homericae
636 4110 734 4177 (Gissae
753 4110 830 4176 1850)
853 4111 885 4160 ab
904 4111 1004 4162 Osanna
1021 4127 1047 4174 p.
1060 4115 1108 4162 286
1126 4113 1239 4164 laudatas
1255 4115 1378 4180 inspicare

294 4199 409 4246 licuit-
426 4212 485 4246 nam
501 4201 710 4260 programmatum
728 4201 753 4244 et
769 4198 966 4245 dissertationum
978 4199 1081 4245 facultas
1098 4199 1124 4244 in
1141 4200 1250 4246 univers.
1264 4198 1376 4246 biblioth.

294 4283 374 4331 adhuc
386 4284 502 4332 continuo
515 4289 640 4331 recusatur
657 4308 698 4328 -.
716 4281 764 4329 Hic
774 4282 850 4341 igitur
866 4298 890 4343 p.
903 4285 1004 4332 86-28
1022 4284 1052 4330 de
1065 4297 1094 4330 aa
1105 4281 1184 4331 forma
1195 4281 1274 4329 verba
1283 4280 1378 4329 faciens

293 4367 367 4414 etiam
391 4367 543 4416 Lobeckium
565 4368 653 4415 merito
677 4367 773 4414 notavit
796 4371 869 4428 atqua
892 4345 966 4416 simul
988 4368 1108 4416 concessit
1130 4367 1235 4415 formam
1251 4363 1377 4413 Aeolicam

293 4445 469 4515 κεκλήγοντες,
488 4453 556 4501 cuius
572 4451 679 4513 plurima
694 4451 835 4500 testimonia
851 4468 865 4503 a
880 4454 950 4502 codd.
968 4456 993 4501 et
1010 4452 1175 4513 grammaticis
1191 4447 1303 4508 eontulit,
1320 4453 1377 4510 post

292 4533 461 4590 Aristmchum
480 4551 495 4586 a
511 4537 595 4586 multis
612 4551 666 4588 esse
683 4537 817 4600 probatam.
