3126 5256
724 680 783 744 141

215 837 256 892 Ψ.
272 839 343 895 560.
358 829 580 914 (φάσγανον)-
591 825 738 914 ύπηύρων
758 835 797 893 Ψ.
810 837 880 892 808.
899 833 948 909 (cl
963 825 1050 910 τεύχε’
1067 824 1212 914 ἐπηύρω).
1235 835 1295 896 Ne·

210 956 270 1015 qne
291 937 441 996 recentior
461 937 594 997 imitator
621 937 755 1016 (Lachm.
773 957 802 1014 p.
819 935 872 1012 80)
893 934 1049 1009 ignoratur
1073 955 1162 996 versu
1189 939 1293 998 71891

209 1033 300 1116 γέρας
322 1031 411 1107 odada
432 1030 592 1118 ύπηύρων;
615 1039 710 1098 solum
731 1039 765 1097 in
786 1037 916 1112 genuina
933 1038 1065 1115 Odyssea
1084 1042 1170 1115 parte
1190 1058 1216 1096 ν.
1236 1044 1294 1098 lca

211 1141 360 1199 obcurrit:
382 1132 489 1200 νόστον
504 1137 537 1200 δέ
552 1137 584 1200 ol
598 1132 702 1200 οὔποτ’
729 1132 885 1218 ἀπηύρων,
909 1159 967 1220 quo
987 1160 1075 1200 versu
1091 1140 1297 1212 cognoscimus

209 1241 272 1300 iam
292 1241 416 1320 antiqua
428 1243 430 1248 ’
444 1245 541 1301 aetate
562 1245 687 1302 formam
715 1242 749 1301 in
770 1241 865 1300 Iliade
885 1242 994 1302 lentam
1014 1242 1106 1300 fuisse
1132 1245 1222 1320 atque
1244 1243 1296 1300 ob·

211 1342 411 1402 narrationem
431 1363 520 1404 verae
539 1344 663 1418 originis
679 1349 882 1422 pervetustum
904 1363 977 1402 esse.
1020 1345 1114 1402 Porro
1128 1343 1161 1400 in
1175 1340 1297 1401 1111116

213 1463 301 1522 quem
322 1446 513 1505 Hermannus
540 1451 571 1504 et
591 1448 800 1505 Lachmannus
828 1447 1044 1506 damnaverunt
1070 1445 1143 1502 adeo
1168 1445 1297 1504 secunda

212 1565 341 1622 persona
362 1551 475 1606 exstat:
497 1545 591 1616 κῦδος
613 1539 752 1624 ἀπηύρας
771 1548 890 1607 1287.
913 1551 1002 1625 atquc
1023 1543 1208 1605 luculentum
1228 1547 1295 1605 imi·

214 1648 335 1706 tationis
364 1649 573 1708 documentum
601 1649 733 1709 cernitur
758 1649 790 1707 in
816 1670 845 1711 v.
868 1649 905 1704 A.
923 1653 994 1706 430.
1017 1645 1058 1724 (v.
1076 1649 1198 1707 Lachm.
1217 1670 1247 1726 p.
1263 1647 1296 1724 7)

212 1749 264 1808 ubi
285 1769 346 1811 vox
369 1742 513 1829 ἀπηύρων
536 1750 584 1827 (de
602 1752 689 1829 Bria.)
717 1770 778 1810 non
801 1748 897 1809 solnm
917 1751 954 1808 de
976 1750 1044 1808 sede
1066 1749 1155 1826 plane
1176 1750 1297 1809 detrusa

215 1850 264 1910 sed
294 1852 383 1911 etiem
412 1871 465 1929 pro
487 1852 593 1926 singul.
617 1873 694 1931 pers.
725 1853 821 1930 prima
843 1853 910 1912 loco
930 1853 989 1911 III.
1011 1871 1041 1928 p.
1062 1851 1138 1930 plur.
1161 1850 1297 1910 adbibita

214 1957 273 2026 est3
296 1958 486 2031 exspectatur
502 1974 572 2014 sane
590 1947 763 2033 ύπεύρασαν
785 1955 826 2033 (v.
846 1956 919 2014 Ahr.
938 1955 971 2012 in
987 1953 1069 2014 Diar.
1087 1957 1159 2014 Ant.
1177 1972 1205 2031 p.
1223 1953 1298 2030 802)

213 2054 261 2116 vel
289 2048 437 2135 ύπεῦραν,
472 2075 530 2134 quo
559 2058 685 2117 fortasse
716 2061 830 2135 spectat
856 2056 1002 2133 Hesychii
1033 2057 1132 2130 glossa
1160 2047 1298 2132 ύπηῦρον

213 2149 377 2231 ἀφείλοντο.
420 2159 475 2216 Ε11
495 2157 589 2231 igitur
609 2163 643 2218 ut
659 2159 803 2236 accipiam
818 2158 955 2216 omnibus
976 2159 1025 2217 his
1042 2159 1116 2218 locis
1134 2177 1208 2236 quos
1229 2177 1297 2234 per·

212 2259 335 2321 lustravi
357 2281 373 2319 c
394 2258 484 2318 tertia
505 2279 582 2338 pers.
605 2251 727 2338 ύπηύρα
751 2279 826 2338 quae
848 2279 903 2337 per
925 2279 955 2317 sc
978 2259 1016 2316 ad
1035 2261 1161 2319 verbnm
1180 2258 1213 2316 in
1237 2278 1296 2316 ·αω

213 2361 291 2420 trahi
313 2366 412 2439 potest
433 2361 485 2419 sed
506 2366 629 2439 propter
650 2353 788 2437 ἀπούρας
816 2361 853 2419 od
876 2363 1057 2420 contractam
1078 2360 1239 2419 flexionem
1263 2361 1297 2418 in

213 2482 245 2539 μι
266 2465 399 2540 pertinet
427 2467 540 2522 ceteras
565 2482 707 2540 personas
736 2482 790 2538 per
817 2462 1015 2522 imitationem
1042 2462 1203 2522 secundum
1226 2479 1297 2520 sua·

211 2563 321 2638 logiam
342 2565 427 2628 verbi
446 2565 480 2624 in
502 2587 545 2624 αω
568 2583 708 2644 procusas
731 2585 811 2637 esse;
834 2583 903 2624 nam
925 2565 958 2624 in
979 2564 1145 2624 recentiore
1166 2565 1296 2642 partium

212 2667 327 2740 origine
348 2668 446 2744 posita
468 2673 514 2728 est
534 2669 626 2729 totius
647 2667 773 2728 rationis
795 2686 909 2728 summo
929 2667 1133 2744 probabilitas.

297 2771 424 2828 Restant
446 2770 535 2829 etiam
555 2772 669 2830 formae
691 2761 900 2847 ἅπουρύμενος
920 2776 993 2830 scut.
1017 2773 1106 2830 Herc.
1128 2791 1157 2832 v.
1176 2773 1246 2832 173.
1269 2775 1300 2830 et

210 2889 241 2930 v.
257 2869 277 2925 1.
300 2870 337 2924 ed
359 2867 385 2922 ὁ.
403 2873 463 2924 616
487 2862 644 2946 α’πηύρᾶτο
673 2870 703 2944 (a
724 2872 834 2929 Wolfio
863 2875 987 2930 etcxtu
1009 2872 1157 2932 Ahrensio
1185 2875 1298 2936 arbitro

210 2963 352 3026 inmerito
370 2964 472 3038 eiecta,
494 2985 523 3026 v.
539 2967 651 3025 Buttm.
669 2968 751 3026 lexil.
767 2989 795 3044 p.
814 2970 876 3045 72),
899 2970 931 3027 in
947 2970 1054 3048 quibus
1069 2971 1169 3030 brevis
1186 2975 1298 3033 vocalis

211 3065 412 3144 suspicionem
433 3067 543 3139 adfert,
574 3067 699 3129 verbum
720 3086 781 3125 non
803 3072 973 3128 contractae
1000 3071 1052 3128 sed
1073 3071 1205 3144 vulgaris
1228 3093 1298 3134 con-

210 3168 373 3244 iugationis
394 3169 426 3226 in
449 3189 481 3243 μι
504 3169 591 3247 quale
614 3173 660 3228 est
679 3165 779 3244 ἵστημι
801 3157 956 3242 ἴστύμενος
977 3170 1202 3246 subponendum
1223 3196 1296 3238 esse.

212 3273 270 3332 Sed
289 3293 349 3332 non
368 3291 474 3334 vereor
492 3290 528 3330 ne
544 3270 688 3331 Aeoliemi
705 3269 943 3346 adsumptionem
958 3287 1072 3330 cassam
1089 3275 1212 3336 reddere
1229 3299 1298 3354 pos·

214 3375 290 3447 sint;
311 3394 381 3434 nam
404 3394 442 3432 nc
458 3373 521 3432 eius
536 3373 658 3454 quidem
676 3373 816 3434 flexionis
838 3371 974 3450 exempla
989 3373 1095 3434 desunt
1114 3375 1148 3434 in
1170 3379 1296 3439 dialecto

214 3477 353 3536 Aeolica:
383 3467 573 3552 ἐπιστύμενν,
595 3479 623 3537 S.
647 3479 685 3537 fr.
703 3478 752 3550 70,
772 3483 801 3538 2.
823 3471 940 3552 utpotae
962 3479 1172 3552 111412.
1195 3476 1299 3540 tutes

215 3576 301 3653 (Ahr.
321 3601 351 3656 p.
370 3584 420 3640 32.
439 3581 489 3657 58)
519 3571 670 3656 adeodata
697 3600 750 3657 pro
782 3572 934 3658 μύρννμαι
961 3578 1120 3658 (Hesych.,
1150 3582 1230 3641 Ourt.
1261 3583 1297 3644 de

213 3680 294 3740 verb.
318 3701 347 3756 p.
368 3679 449 3757 171).
493 3683 604 3742 Tamen
618 3684 693 3742 haec
709 3683 858 3759 Odysseae
880 3702 949 3758 pare
969 3683 1021 3740 ubi
1039 3683 1125 3744 iuxta
1140 3675 1310 3760 ύπηύραω-

214 3781 304 3840 etiam
320 3774 443 3860 ύπηύρᾶ
464 3785 497 3842 in
512 3784 609 3842 medio
624 3803 714 3844 versu
731 3785 841 3858 legitur
859 3783 898 3862 (d.
916 3788 1059 3844 620-1,
1078 3786 1132 3862 42)
1154 3786 1298 3847 novitatis

213 3885 343 3960 speciem
364 3885 436 3944 satis
457 3882 618 3946 adfectavit
640 3884 681 3960 (v.
701 3886 867 3946 Kirchhoff.
890 3884 937 3942 die
957 3885 1037 3945 hom.
1054 3886 1158 3964 Odyse.
1180 3909 1209 3947 u.
1231 3888 1298 3948 ihre

212 3986 404 4060 Entstehung
418 4008 447 4064 p.
462 3987 522 4065 IX)
538 3991 627 4067 atque
642 3987 696 4047 vix
711 3987 802 4046 multo
819 3987 970 4067 antiquior
988 3992 1034 4046 est
1048 3994 1131 4048 scuto
1148 3989 1297 4064 Herculis,

215 4107 307 4166 quare
329 4089 420 4149 etiam
440 4091 519 4150 hanc
536 4089 781 4149 deformationem
804 4109 879 4168 quae
901 4109 962 4148 non
984 4089 1083 4148 minus
1099 4092 1298 4169 perturbatio·

213 4207 283 4248 nem
313 4191 400 4250 auxit
429 4192 585 4269 rhapsodis
617 4191 802 4252 imitantibus
833 4192 971 4268 inputare
1001 4211 1063 4251 non
1092 4194 1160 4272 plus
1180 4185 1299 4255 'habeat

214 4291 363 4352 audaciae.
394 4294 552 4354 Praeterea
563 4313 624 4354 non
639 4296 759 4354 credere
773 4313 892 4373 possum
905 4293 1040 4354 futurum
1050 4295 1187 4354 Ionicum
1201 4285 1297 4356 daco-

214 4386 357 4472 ρήσουσιν
375 4395 413 4452 Χ.
430 4399 491 4454 489
514 4397 540 4454 si
554 4396 727 4456 Buttmanni
747 4397 841 4477 (lexil.
857 4398 881 4456 I.
904 4416 934 4472 p.
953 4397 1002 4456 73.
1024 4417 1054 4456 n.
1071 4398 1101 4475 2)
1125 4397 1297 4458 etssekkeri

213 4494 372 4554 lectionem
401 4497 501 4557 eood.
524 4497 609 4558 Harl.
637 4499 841 4579 depromptam
868 4500 975 4578 probas
1005 4490 1108 4560 1111111
1129 4499 1296 4562 Aristarchi
