3126 5256
700 783 758 848 171
826 809 828 812 ·

155 960 159 968 ·
192 937 270 996 Nom
285 938 436 997 credamus
451 957 517 998 enm
529 938 636 1012 Giesio,
654 939 701 1000 eoi
716 939 892 998 Kuehnerns
907 938 940 997 in
954 957 1074 1014 gramm.
1090 937 1139 1000 Gr.
1154 957 1183 1016 p.
1197 935 1266 996 16¹.

192 1042 223 1098 et
244 1037 390 1098 Ameieius
419 1060 446 1117 p.
465 1045 505 1118 46
533 1041 703 1118 adstipulati
731 1048 811 1115 eunt,
841 1040 959 1100 Ionicos
979 1039 1137 1117 scriptores
1166 1057 1268 1099 omnes
1356 1069 1358 1074 x

190 1161 254 1200 eam
275 1160 378 1201 vooem
400 1141 555 1202 arbitrario
577 1161 616 1202 ex
636 1143 800 1204 vieinorurn
815 1143 1008 1204 Aeolensium·
1022 1141 1196 1204 aommeroio
1218 1139 1269 1200 ad·
1370 1193 1372 1198 .

190 1243 328 1303 seivisse?
377 1245 453 1303 Nam
481 1245 518 1304 ab
546 1245 626 1306 Iadis
655 1245 866 1306 consuetudine
892 1244 1029 1331 formatio
1059 1239 1123 1320 μεὶς
1147 1240 1269 1303 minime

154 1343 157 1350 ’
189 1345 277 1423 plane
298 1346 440 1406 abhorret
460 1348 539 1427 quod
561 1346 731 1424 saepissime
752 1347 855 1424 lingua
874 1347 1101 1408 inoonstantiam
1123 1345 1269 1427 quandam
1355 1367 1365 1390 a

189 1452 290 1510 seouta
317 1446 433 1524 esest).
475 1449 570 1511 Recte·
594 1449 686 1526 igitur
706 1449 796 1510 sohol.
815 1450 848 1508 B.
877 1450 950 1510 adl.
977 1444 1041 1526 μεὶς
1068 1439 1269 1518 ’lovtutrod-

192 1551 310 1612 notavit
322 1556 412 1632 atque
429 1551 515 1613 valde
530 1552 633 1613 dubito
651 1572 720 1611 num
736 1531 1110 1625 Lentnus'inflerooiani,
1134 1549 1184 1630 qui
1200 1567 1269 1608 oon-

191 1657 304 1714 stanter
323 1659 442 1715 sontum
462 1654 637 1716 testifioatus
658 1665 704 1714 est
725 1673 901 1735 quamquem
915 1654 1035 1714 Aeolioe
1057 1653 1160 1714 debuit
1180 1648 1269 1710 eoribi

191 1757 271 1830 μιῖς,
301 1756 401 1817 verbis
424 1774 454 1814 π.
475 1759 547 1822 καθ.
570 1776 620 1835 πρ.
640 1757 665 1816 Ι.
687 1777 716 1834 p.
736 1761 806 1829 400,
823 1761 930 1816 4--6ε7
943 1749 980 1814 roi
1001 1751 1043 1825 oie
1056 1739 1104 1824 ἐἷς
1126 1751 1270 1832 μονογενῆ

186 1848 357 1930 letamen,
380 1854 442 1929 θεὶς
457 1850 596 1937 ἄρρητον,
610 1893 654 1904 -
673 1855 737 1936 μεὶς
751 1849 770 1918 ὅ
785 1850 851 1934 μὴν,
873 1852 951 1927 κτεὶς
971 1853 1022 1918 καὶ
1036 1853 1113 1927 κλεὶς
1134 1845 1270 1932 θηλυκόν

190 1965 260 2037 post
279 1955 344 2036 μεὶς
363 1979 418 2039 pro
435 1961 631 2023 choerobosoi
653 1962 744 2023 verbo
760 1952 894 2031 Ἰωνικοῖς
912 1961 977 2020 iure
997 1959 1156 2022 inseruerit
1170 1949 1271 2018 Alete·

189 2063 251 2132 uois
280 2063 341 2141 (vel
362 2063 558 2153 &marusim
586 2064 750 2126 Ahrensius
778 2069 876 2124 antem
896 2063 999 2124 Ionioo
1025 2067 1056 2123 et
1076 2061 1177 2124 Attioo
1206 2054 1270 2136 μεὶς

192 2164 281 2226 etiam
302 2165 443 2226 Doridem
472 2166 618 2228 mitiorem
639 2185 722 2228 neom
744 2185 808 2228 esse
829 2165 966 2239 eredidit,
997 2164 1184 2224 Pindarieum
1204 2161 1270 2241 qui·

190 2267 255 2328 dem
277 2268 327 2346 (Ν.
346 2269 380 2328 V.
400 2269 454 2344 44)
474 2269 628 2328 Aeolicum
657 2268 777 2328 vooovit
796 2269 886 2328 Peter
913 2269 949 2326 de
977 2267 1043 2326 dial.
1065 2266 1151 2327 Pind.
1173 2284 1201 2342 p.
1221 2264 1268 2324 17.

156 2423 157 2428 ,
275 2369 367 2430 Giesii
383 2375 557 2446 argumento
579 2369 622 2430 sio
637 2369 804 2430 delumbato
819 2370 1037 2430 distinotionem
1057 2373 1150 2428 totam
1170 2367 1270 2440 reieio,

191 2465 294 2532 eontra
316 2473 415 2532 omnia
429 2472 551 2533 Aeolica
571 2471 698 2549 vestigia
718 2472 754 2531 ad
769 2471 938 2551 antiquiora
958 2470 1088 2532 earmina
1105 2469 1271 2532 revocanda

190 2593 253 2636 esse
281 2576 435 2636 contendo.
477 2576 515 2634 In
542 2574 657 2634 ratione
683 2594 754 2636 vero
777 2593 812 2634 ea
836 2574 1012 2634 inmisoendi
1032 2577 1136 2651 poetas
1151 2571 1269 2632 Ionioos

190 2695 250 2737 non
273 2678 365 2736 anxie-
383 2682 492 2738 oertam
515 2677 662 2757 quendem
684 2696 816 2737 normam
835 2678 976 2753 probasse
1000 2677 1051 2738 sed
1072 2675 1194 2735 liberius
1214 2693 1269 2751 pro

100 2813 102 2820 ·
189 2779 290 2856 epiooe
312 2778 410 2856 poesis
432 2785 538 2840 natura
553 2778 707 2840 Aeolicum
729 2781 857 2840 eolorem
879 2777 1006 2840 sermoni
1026 2777 1129 2838 Ionioo
1151 2778 1270 2854 adsper-

187 2880 261 2942 sisse
280 2881 513 2958 intellegendum
542 2899 607 2940 esse
629 2881 782 2955 existimo,
811 2901 888 2962 quae
913 2881 1034 2943 lieentia
1060 2900 1099 2940 no
1119 2878 1211 2939 nimia
1231 2878 1271 2940 sit

190 3003 251 3043 non
273 2989 387 3055 metoo;
417 3003 508 3063 quare
529 3003 584 3044 nos
605 3004 666 3044 non
693 2990 774 3045 reete
801 2989 873 3060 puto
901 3003 989 3058 agere
1015 2982 1148 3044 sihodie
1174 2982 1269 3057 legem

190 3085 389 3162 serupulosius
411 3084 534 3146 serutari
557 3091 588 3146 et
608 3087 730 3147 refioere
751 3086 888 3146 molimur
908 3105 967 3165 qua
987 3103 1040 3144 suo
1062 3084 1188 3164 quisque
1205 3083 1270 3142 loeo

189 3187 358 3248 Aeolismus
379 3187 545 3251 metiendus
567 3187 606 3249 sit
627 3189 676 3268 (of.
696 3189 804 3265 Bergk.
826 3208 855 3265 p.
875 3189 957 3264 855).
1143 3176 1145 3179 ¹

274 3291 431 3352 Praeterea
453 3289 614 3363 verisimile
644 3296 690 3351 est
718 3296 833 3352 textum
856 3289 1023 3367 ¹carminum
1044 3285 1269 3348 Homerioorum

76 3367 80 3376 ¹
191 3391 288 3471 qualis
318 3391 442 3456 ondins
457 3403 460 3411 '
473 3397 518 3452 est
549 3391 656 3454 multas
687 3393 868 3470 eorrnptelas
897 3392 1022 3454 traxisse
1053 3389 1269 3469 dinleotnmqne

178 3493 339 3556 -mendoeie
351 3494 454 3554 formis
469 3494 660 3574 inquinatam'
669 3515 733 3556 esse
747 3494 904 3556 tralatione
918 3492 1099 3573 antiquioris
1110 3490 1269 3570 alphabeti,

191 3615 267 3677 quae
289 3616 348 3677 quo
371 3601 457 3674 paeto
479 3599 558 3659 laete
578 3598 618 3660 sit
637 3615 740 3677 parum
763 3602 936 3675 eonpertum
957 3593 1169 3672 habemusw).

189 3716 391 3728 μ-

257 3785 302 3846 48)
320 3784 413 3832 Contra
423 3799 469 3847 pro
481 3787 579 3848 vulgari
591 3787 670 3834 forma
687 3777 763 3842 ὀδοὺς
773 3785 846 3833 Iones
864 3776 931 3836 ὀδών
948 3782 1063 3830 dixerunt
1078 3783 1110 3831 ef.
1122 3782 1213 3832 Herod.
1224 3782 1268 3830 Vl.

189 3883 209 3916 o.
223 3867 279 3917 10⁷.

257 3954 302 4015 49)
320 3954 467 4026 Monuernnt
483 3955 513 4002 de
537 3970 564 4003 re
580 3955 707 4017 Kayserus
729 3955 754 4001 in
771 3954 861 4002 Philol.
883 3957 941 4001 tom.
954 3953 1033 4000 XVII.
1050 3968 1074 4014 p.
1090 3956 1146 4004 717.
1172 3951 1268 4001 xvffl.

189 4053 213 4099 p.
227 4039 284 4086 663.
308 4039 400 4098 Bergk.
418 4053 442 4099 p.
456 4040 554 4099 etseq.
580 4039 785 4112 nanterre.
810 4039 852 4098 qni
876 4051 928 4086 rem
951 4042 1008 4098 apte
1031 4039 1184 4087 tractandam
1206 4039 1268 4087 viris

190 4124 267 4174 doctis
283 4123 470 4174 commendavit.
