3126 5256
687 417 761 480 -107

186 565 388 650 μοσθένῆ-ν)“
400 572 461 650 ⁸1).
503 571 561 630 sed
578 543 711 632 nouddm
727 573 883 632 detinerent
905 571 956 650 qui
974 562 1054 646 ζαῆν
1075 562 1184 647 ἔνεμον
1205 591 1273 648 pro·

122 745 132 764 ·
184 676 260 734 bare
281 673 416 748 mallent,
447 674 483 731 de
513 673 620 752 quibus
648 675 707 733 hoc
728 674 931 764 testimouium
960 677 1095 734 servetur
1122 674 1156 733 in
1176 675 1212 733 E.
1230 675 1273 733 M.

187 778 261 849 40¹7,
283 781 316 837 1:
348 767 389 846 nic
410 767 492 852 παραὶ
513 765 546 834 τέ
569 771 649 834 πέτου
676 774 784 855 γίνεται
805 772 911 851 πέτην,
943 767 1039 843 οὕτως
1065 767 1147 850 παρὰ
1169 769 1201 834 sd
1226 767 1271 834 dice

187 871 261 954 ἅῆν·
284 873 334 936 καὶ
356 869 429 953 ζαέην
451 869 522 951 perol
544 878 598 936 τοῦ
620 879 682 950 ζα-·
713 870 746 938 to'
769 870 826 956 γαρ
847 874 955 936 τέλειον
977 869 1069 953 ζοέηνα
1091 868 1133 945 ode
1154 874 1275 950 πέτηνα,

187 971 273 1055 εἰμὴ
288 973 354 1038 κατ’
373 976 516 1054 έκθλιψιν
533 975 642 1058 γέγονε,
665 1001 738 1060 quos
755 981 944 1041 Herodianus
960 1001 990 1038 π.
1007 999 1072 1053 μον.
1087 976 1140 1050 λεξ.
1159 977 1207 1052 17,
1226 983 1276 1040 15,

187 1083 232 1142 Π.
250 1104 279 1160 p.
297 1087 357 1140 923
381 1081 424 1156 (π.
446 1085 522 1140 παθ.
539 1083 581 1142 II.
605 1102 633 1159 p.
651 1088 722 1156 845,
744 1083 890 1160 14-19)
918 1082 1062 1142 refutavit
1087 1085 1191 1159 utpote
1221 1073 1276 1156 οὐχ

188 1176 283 1262 ὖγιοῆς
305 1185 391 1242 τοῦτο
413 1175 508 1262 (ζαῆν)
531 1181 812 1261 παραληψομένους,
835 1171 872 1243 οὗ
893 1183 991 1243 πίστιν
1008 1178 1119 1256 ὀφείλει
1137 1181 1166 1254 ἐξ
1182 1174 1277 1242 ἄλλων

175 1279 330 1344 ’πτοέσεοον
346 1281 548 1362 παραθέσθαι.
591 1287 662 1364 Ipse
679 1288 767 1366 paulo
781 1287 876 1347 fusius
899 1288 935 1345 de
953 1286 1106 1364 disyllabis
1122 1287 1276 1347 adiectivis

188 1389 223 1448 in
244 1389 282 1462 ᾖ)
304 1386 478 1472 cedentibus
507 1389 662 1465 disputans
689 1394 725 1449 ut
746 1410 862 1467 semper
889 1393 992 1448 acutus
1018 1389 1051 1447 in
1072 1389 1177 1448 ultime
1199 1393 1278 1448 esset

189 1490 367 1569 postulavit,
398 1511 425 1550 v.
449 1510 479 1546 π.
502 1494 573 1550 καθ.
598 1511 648 1569 πρ.
667 1513 695 1570 p.
713 1497 761 1565 59,
781 1496 831 1551 24.
862 1511 893 1550 π.
910 1484 966 1548 ’It
989 1511 1038 1569 πρ.
1055 1491 1095 1550 ΙΙ.
1119 1512 1147 1569 p.
1165 1495 1214 1551 81.
1243 1510 1275 1548 π.

188 1585 250 1650 Ὀὃ.
268 1613 317 1669 πρ.
333 1593 374 1652 II.
389 1611 422 1668 p.
439 1596 517 1652 144:
538 1586 571 1650 το“
595 1585 665 1668 ζαῆς
687 1585 728 1663 οἷς
749 1586 896 1652 σύνθετον
917 1584 1058 1663 ὀξύνεται.
1082 1588 1278 1670 παραιτητέον

190 1691 223 1754 δέ
245 1686 315 1764 τούς
336 1690 538 1772 βουλομένους
559 1688 710 1772 βαρύνειν,
733 1693 804 1764 έσοος
826 1691 1032 1771 πλανηθέντας
1059 1691 1091 1754 ἐκ
1112 1695 1164 1771 τῆς
1186 1692 1277 1754 αἰτια-

191 1798 277 1872 τικῆς
298 1798 352 1871 τῆς
373 1793 454 1877 εἷς-ν
476 1796 713 1872 περατωθεέσῆςι
745 1799 839 1872 ,ζαῆν
861 1790 990 1871 έένεμον“
1013 1819 1042 1874 μ.
1060 1804 1137 1871 313;
1158 1797 1279 1857 lucidis-

192 1900 265 1960 sime
289 1918 359 1959 vero
388 1899 425 1957 ed
446 1899 476 1956 h.
497 1898 517 1956 l.
536 1899 576 1958 ΙΙ.
599 1920 628 1976 p.
648 1905 706 1959 154
733 1901 769 1958 de
790 1902 848 1959 hoo
870 1900 1025 1960 disseruit:
1054 1900 1142 1958 τοῦτο
1166 1895 1197 1958 δέ
1219 1897 1279 1958 έὸει

190 1997 281 2079 χωρὶς
299 2001 354 2058 τοῦ
370 1999 387 2054 d
401 1999 454 2074 ζαῆ
478 1989 518 2066 οἷς
534 1991 630 2075 οἷκραῆ
651 1997 790 2074 Ζέφυρον
807 2000 848 2080 (β.
863 2003 947 2080 421).
970 1999 1046 2060 ἔστιν
1062 1988 1119 2059 οὖν
1135 1994 1278 2060 Αἰολικὸν

191 2096 226 2162 td
251 2095 323 2175 petel
345 2101 399 2158 τοῦ
419 2098 438 2164 ῖτ,
459 2096 510 2158 καὶ
532 2097 592 2159 ἔδει
613 2094 687 2161 αὐτὸ
703 2100 852 2172 Αἰολικῶς
866 2096 1050 2182 βαρύνεσθαι
1066 2095 1107 2172 οἷς
1120 2097 1153 2161 cd
1178 2100 1279 2175 ,‚clvo·

191 2197 299 2278 πάθην
316 2195 433 2278 πατρίδ’
454 2196 630 2277 έπέψομαι“
648 2197 729 2281 παραὶ
754 2197 942 2282 Ἀνακρέοντι
964 2205 1012 2284 (fr.
1032 2211 1081 2279 36,
1103 2206 1154 2266 ubi
1171 2206 1277 2281 Bergk.

193 2307 270 2366 mele
300 2302 456 2380 αἰνοπαθῆ
486 2305 631 2385 scripsit),
662 2299 680 2366 d
707 2298 740 2366 dd
767 2297 951 2386 Ἀρίσταρχος
976 2304 1051 2384 φησὶ
1073 2311 1278 2388 περισπᾶσθαι

192 2406 243 2467 καὶ
259 2401 355 2478 οὕτως
370 2405 428 2485 ἔχει
445 2399 466 2484 ῆ
482 2403 655 2487 παράδοσις,
679 2413 715 2470 cf.
734 2412 864 2471 cremori
880 2431 927 2471 un.
939 2413 1007 2472 Per.
1023 2413 1081 2472 III.
1097 2433 1126 2490 p.
1142 2419 1212 2486 480,
1229 2417 1279 2472 31.

194 2512 252 2571 Sed
272 2531 450 2590 quamquem
471 2515 563 2572 verba
580 2514 795 2574 dubitationem
817 2534 878 2573 non
901 2514 1062 2574 admittunt
1082 2535 1179 2595 neque
1200 2518 1280 2573 Ane-

195 2619 350 2673 creonteus
379 2633 476 2692 neque
499 2616 680 2675 Homericus
707 2617 876 2675 Aeolismus
905 2636 923 2674 a
950 2617 1052 2675 multis
1081 2617 1281 2676 recentiorum

194 2716 283 2776 fidem
297 2715 421 2792 accepit,
443 2736 472 2774 v.
484 2715 621 2774 Diudorf.
637 2723 698 2776 not.
714 2718 747 2775 in
762 2737 829 2794 epp.
845 2717 882 2774 ed
898 2717 989 2775 schol.
1003 2717 1106 2792 Odyss.
1124 2719 1167 2775 ed.
1182 2718 1279 2775 Oxou.

195 2838 224 2894 p.
240 2820 256 2878 7
262 2823 311 2880 88.
335 2821 365 2874 et
381 2815 510 2875 Lobeck.
528 2817 632 2893 perell.
649 2838 677 2893 p.
694 2822 762 2875 160.
786 2817 837 2895 qui
854 2823 954 2875 temen
974 2817 1007 2874 in
1026 2817 1091 2874 edd.
1110 2838 1138 2894 p.
1154 2820 1224 2873 543.
1246 2815 1279 2873 in

195 2922 274 2979 hanc
295 2917 472 2978 sententiam
488 2919 645 2977 concessit:
667 2935 790 2991 „verm
812 2918 965 2991 vulgarem
979 2916 1140 2976 accusativi
1155 2917 1280 2975 formem

197 3021 276 3098 (ζοῆ)
299 3019 507 3094 grammaticus
528 3019 580 3079 ille
601 3019 655 3080 vix
676 3019 775 3098 sliquo
798 3020 1001 3079 confirmasset
1021 3018 1205 3090 testimonio,
1229 3019 1281 3078 sed

197 3143 265 3182 cum
286 3113 357 3196 ζοέῆν
379 3121 539 3182 contulisse
563 3122 682 3184 videtur
703 3114 907 3198 αἰνοπαθῆν“*.
949 3122 1129 3203 Plerumque
1157 3121 1211 3194 ζαῆ
1231 3105 1288 3183 νοέ

198 3245 263 3285 cum
279 3224 453 3287 Aristarcho
475 3225 547 3301 ζαῆν
567 3225 641 3287 viris
660 3225 754 3285 doctis
769 3225 922 3302 probabile
943 3226 1002 3284 fuit
1015 3231 1135 3302 praeter
1149 3224 1281 3284 Doeder-

197 3328 321 3388 leinium
353 3328 404 3408 qui
433 3329 479 3388 rei
509 3330 663 3391 novandas
695 3333 779 3388 tante
810 3329 958 3390 loboravit
987 3301 1218 3407 intemperelrtis
1246 3333 1282 3386 ut

198 3432 347 3490 cumulum
368 3432 611 3509 tempteminibus
633 3431 755 3491 adderet
780 3431 932 3509 proposito
955 3423 1054 3507 ζαῆντ’
1083 3451 1136 3508 pro
1159 3423 1281 3505 ζαῆεντα
1344 3477 1348 3484 .

198 3534 274 3592 siout
295 3533 418 3607 τιμῆντα
434 3534 470 3589 Σ.
485 3533 556 3593 475.
578 3535 611 3593 in
633 3533 721 3608 gloss.
739 3535 827 3592 Hom.
843 3534 869 3592 I.
891 3555 920 3593 n.
940 3538 1053 3611 1.p.1.
1097 3533 1193 3591 Miror
1211 3551 1281 3608 pro·
1323 3593 1324 3596 ,

187 3637 275 3694 'fecto
299 3635 377 3712 quod
391 3635 557 3694 Ahrensius
573 3635 624 3714 qui
647 3627 819 3708 αἰνοπαθην
834 3635 911 3693 bene
932 3635 1064 3694 defendit
1078 3633 1281 3712 adtribuitque

197 3737 301 3796 Iouieo
324 3741 429 3814 postue
456 3736 492 3794 de
518 3735 597 3795 mist.
620 3735 688 3795 dial.
710 3755 739 3812 p.
757 3741 812 3808 65,
842 3738 907 3816 ipse
934 3737 966 3795 in
994 3756 1115 3811 gramm.
1138 3733 1164 3812 §-
1182 3739 1231 3807 28,
1252 3741 1280 3794 3.
1342 3799 1344 3804 ¹

197 3861 226 3918 p.
244 3838 282 3896 27
307 3838 376 3912 ζαῆν
399 3843 568 3915 corruptam
588 3838 748 3898 lectionem
768 3858 833 3897 esse
860 3860 915 3916 pro
938 3840 991 3913 ζαῆ
1006 3863 1050 3889 ==
1063 3833 1129 3909 ζαέα
1150 3835 1282 3895 iudicare

198 3962 286 4002 susus
308 3945 363 4000 est.
405 3940 483 3998 Nem
504 3940 575 4012 ζαῆν
597 3940 668 3999 setis
689 3945 835 3999 testatum
852 3947 911 4013 est;
934 3940 1080 3999 contendo
1102 3938 1195 4012 igitur
1216 3957 1279 3998 eum

200 4046 293 4104 solum
315 4063 353 4102 ex
368 4041 492 4101 Aeolide
508 4062 563 4120 pro
578 4041 766 4119 gc·oFs(o)ov
782 4041 831 4120 (cf.
848 4034 903 4110 έος
917 4041 1064 4118 Hesych.)
1080 4039 1178 4102 evolvi
1194 4061 1282 4119 posse

267 4177 311 4244 31)
329 4179 358 4227 cf.
377 4175 483 4238 Adelph.
496 4177 578 4225 Hertii
593 4177 624 4224 de
637 4176 752 4238 Dionysii
763 4171 865 4225 Thracis
880 4176 1053 4237 grammaticae
1069 4175 1175 4237 epitome
1191 4178 1282 4238 purtim

199 4264 291 4314 inedita
308 4267 394 4314 comm.
412 4277 477 4324 quse
492 4267 530 4312 est
548 4263 574 4311 in
591 4277 674 4326 progr.
692 4277 775 4324 gymu.
793 4261 946 4312 Luiseusted.
965 4262 1045 4310 Berol.
1065 4263 1138 4311 1871.
1157 4277 1181 4324 p.
1194 4265 1235 4314 ss.
