3424 5386
905 353 945 418 78

468 509 509 566 ll.
554 508 673 570 Vooslis
694 529 713 584 ῆ
736 507 811 568 nihil
834 511 957 585 praebet
978 515 1142 570 memoratu
1163 509 1288 584 dignum
1318 510 1405 570 nisi
1437 512 1537 590 quod

382 610 565 681 grammatici
591 612 707 689 saepius
728 612 802 674 illud
825 611 978 672 Aeolicum
1000 632 1064 672 esse
1086 633 1139 688 pro
1163 634 1172 669 ι
1195 619 1435 674 monuerunt..

472 711 500 788 1)
526 715 630 790 Inepte
652 715 743 772 schol.
761 715 797 772 V.
820 706 931 788 πόληος
955 715 994 773 Φ.
1013 719 1082 773 516.
1109 735 1164 792 pro
1193 707 1301 784 πόλιος
1333 713 1531 784 Alcmeo

382 813 542 874 admissum
566 836 630 876 esse
652 815 761 885 voluit;
784 815 897 874 scilicet
915 810 1025 890 πόληος
1046 822 1144 876 exstat
1165 837 1219 895 pro
1240 807 1386 892 nolsjor
1414 823 1526 898 atque

383 917 420 974 ad
449 924 580 978 veterem
611 919 772 976 Ionismum
801 923 913 995 spectat
945 919 984 995 (v.
1008 920 1117 978 Herod.
1144 939 1175 976 π.
1199 913 1333 996 ὀρθογρ.
1366 941 1405 996 p.
1430 927 1525 980 602:

386 1015 525 1096 Φωκήων
541 1019 574 1078 Β.
591 1022 660 1079 517.
685 1013 734 1078 aa
757 1021 844 1094 ιοῦῆ
868 1013 942 1080 κακαὶ
964 1013 1033 1090 roric
1048 1014 1191 1090 παλαιούς
1206 1013 1317 1090 Ἴωνας
1338 1013 1400 1092 οἷς
1419 1040 1520 1080 συνε-

383 1123 441 1200 χαῑς
464 1119 598 1199 κέχρηται
622 1114 639 1180 ό
660 1116 784 1200 ποιῆιῆς
807 1113 871 1180 οἰον
889 1117 1024 1215 Ἀχιλῆος
1041 1126 1076 1181 A.
1099 1129 1123 1184 l.
1148 1125 1277 1200 Βρισῆος
1293 1126 1338 1182 Α.
1362 1129 1455 1197 392,
1484 1129 1520 1183 et

382 1245 413 1285 ιι.
436 1225 507 1284 κλίσ.
529 1218 613 1299 ὄνομ.
630 1225 672 1284 Π.
691 1246 720 1301 p.
734 1227 809 1284 673:
840 1223 996 1300 βασιλῆος,
1026 1217 1137 1300 ὁμοίως
1159 1220 1190 1283 δὲ
1218 1220 1267 1283 καλ
1299 1219 1407 1302 παραὶ
1440 1230 1513 1296 τοῖς

382 1321 517 1406 σἰρχαίοις
540 1324 711 1399 Αἰολεῦσιν,
740 1328 772 1385 in
794 1328 901 1407 quibus
923 1330 950 1386 F
976 1328 1178 1388 antecedentis
1203 1327 1315 1387 vocalis
1353 1331 1511 1406 produc-

381 1432 495 1490 tionem
511 1430 622 1500 effecit;
640 1431 675 1488 de
689 1429 787 1488 Attico
800 1425 904 1503 οἰκῆος
916 1451 943 1492 v.
958 1431 1059 1490 Gerth.
1072 1432 1154 1490 Stnd.
1166 1431 1190 1488 1.
1208 1436 1234 1489 2.
1253 1432 1350 1507 214);
1381 1427 1505 1500 πόλιος

383 1541 481 1594 autem
504 1533 652 1594 recentior
673 1536 717 1588 est
738 1532 833 1590 forma
856 1537 886 1590 et
908 1533 1011 1591 lonica
1033 1539 1063 1592 et
1085 1533 1215 1592 Aeolica.

470 1637 500 1713 2)
523 1635 635 1693 Herod.
659 1655 689 1692 π.
712 1637 786 1690 not).
803 1635 844 1692 II.
868 1624 896 1710 p.
914 1640 973 1694 363
1003 1636 1045 1694 sic
1068 1635 1232 1712 disputavit
1259 1636 1294 1694 de
1320 1637 1498 1698 adieetivo

383 1731 525 1814 νῆλῆτῆς;
555 1727 637 1804 ἄξιόν
667 1731 725 1794 ἔστι
754 1736 890 1811 ζητῆσαι,
921 1735 948 1794 εἰ
973 1729 1006 1796 ul
1035 1729 1168 1813 νῆλῆτῆς,
1188 1730 1248 1795 olai
1277 1739 1331 1796 τοῦ
1368 1734 1499 1798 αἰλιτεῑν

383 1837 492 1920 plynos,
515 1831 548 1897 τό
573 1831 604 1895 δὲ
627 1830 734 1895 ἆλιτεῖν
756 1830 805 1896 διαὶ
828 1840 882 1897 κοῦ
904 1843 917 1895 ῖ
937 1834 1095 1918 γράφεται,
1127 1841 1191 1908 πῶς
1213 1831 1245 1897 τὸ
1270 1834 1410 1917 νῆλῆτῆς
1437 1832 1493 1900 διαὶ

383 1945 469 2017 torio}
492 1932 652 2020 γράφειαις
675 1936 752 1998 ἔστιν
775 1928 830 1999 οὖν
852 1939 952 2012 εἰπεῖν,
976 1936 1020 2000 ὅτι
1040 1936 1151 2019 ἐτράπη
1168 1939 1315 2011 Αἰολικῆς
1339 1939 1379 2002 τό
1408 1948 1424 2002 ῖ
1446 1939 1493 2012 εἰς

382 2039 414 2104 tri
438 2067 466 2120 ῆ.
491 2035 586 2110 οὕτως
608 2034 663 2119 yolo
686 2034 718 2101 to*
742 2035 857 2113 οἰκτῑνις
884 2041 933 2102 καλ
963 2037 994 2103 ri
1020 2037 1172 2118 ψιμύθιον
1200 2037 1251 2104 διὰ
1277 2046 1331 2102 τοῦ
1354 2067 1378 2121 η
1405 2065 1485 2122 προ-

384 2144 524 2222 φέρονται
553 2142 583 2203 οῑ
604 2141 730 2213 Αἰολεῖς.
775 2147 833 2206 sed
861 2167 940 2206 nunc
967 2148 1077 2207 rectius
1106 2145 1262 2219 νῆλείιιιλες
1283 2147 1418 2231 legitur,
1454 2168 1483 2208 v.

383 2252 414 2310 O.
437 2251 469 2307 F.
490 2248 599 2308 Aineia.
624 2248 660 2304 ad
683 2267 711 2304 π.
731 2249 800 2308 317.
826 2251 882 2308 ΙΠ.
905 2271 934 2326 p.
952 2256 999 2308 69.
1033 2251 1159 2309 Laroch.
1181 2271 1209 2328 p.
1231 2248 1329 2330 18415.

470 2351 500 2427 3)
523 2353 599 2410 Item
624 2343 779 2424 ἀνεκήκιεν
796 2353 835 2408 Η.
849 2358 919 2410 262.
945 2355 981 2409 Ψ.
998 2353 1067 2411 507.
1091 2352 1257 2430 explicatur
1278 2373 1308 2410 π.
1332 2358 1416 2412 παθ.
1434 2355 1479 2412 Π.

386 2460 460 2514 18οε
484 2449 516 2511 ἔκ
534 2453 586 2510 τοῦ
602 2450 656 2510 κίοι
670 2447 832 2528 πορεύομαι
848 2451 1049 2534 διπλασιασμῷ
1066 2453 1150 2535 κικίῳ
1166 2450 1217 2512 καί
1230 2456 1324 2536 τροπῆ
1338 2453 1479 2537 Αἰολικῆ

383 2560 448 2636 (pro
473 2549 592 2636 Ἰωνικῆ
619 2555 651 2613 in
674 2556 708 2612 E.
728 2557 768 2614 M.
790 2561 858 2628 103,
882 2562 938 2628 22,
969 2557 1011 2616 sic
1033 2563 1101 2633 post
1122 2557 1248 2616 Almana.
1272 2577 1300 2633 p.
1317 2563 1367 2618 95.
1393 2580 1425 2619 n.
1448 2565 1474 2616 l.

384 2658 502 2737 scripsit
520 2657 674 2734 Lentzius)
697 2658 750 2714 τοῦ
774 2679 784 2714 ι
806 2655 847 2726 εἰς
868 2679 895 2733 ῆ.
920 2651 1003 2734 κῆκιε
1026 2678 1046 2717 ε.
1061 2664 1130 2730 455,
1155 2659 1233 2738 quod
1255 2660 1308 2720 vix
1329 2669 1415 2722 reato
1441 2683 1474 2720 se

383 2765 481 2833 habet,
504 2765 603 2819 tamen
622 2761 767 2838 quomodo
790 2781 849 2821 vox
871 2769 941 2820 nata
962 2763 1001 2821 sit
1016 2761 1130 2832 nesei03
1153 2762 1271 2821 Curtius
1290 2763 1411 2842 quidem
1434 2765 1471 2820 de

383 2872 471 2942 temp.
496 2869 525 2921 et
547 2863 623 2922 mod.
646 2885 674 2940 p.
690 2869 729 2921 90
752 2864 930 2926 intensivam
951 2867 1078 2924 formam
1099 2865 1183 2924 verbi
1206 2862 1260 2922 κίοι
1282 2866 1417 2939 agnovit.

468 2966 499 3043 4)
523 2967 591 3024 Non
608 2965 695 3024 aliter
709 2967 885 3027 scholiastae
901 2969 962 3027 cod.
977 2973 1003 3026 A
1018 2969 1053 3026 ad
1071 2969 1107 3025 Π.
1122 2974 1190 3026 524.
1208 2965 1350 3042 κοίμησον
1364 2966 1467 3028 Αἰολι-

382 3064 435 3130 asin
459 3061 523 3128 ἀντὶ
546 3069 598 3127 τοῦ
621 3067 757 3142 κολμισον
778 3070 843 3130 fuit
888 3070 933 3129 Dc
955 3091 987 3129 re
1010 3071 1182 3130 Schuetzius
1204 3070 1241 3128 ad
1260 3072 1367 3130 Aesch.
1383 3073 1467 3148 Sept.

380 3195 409 3232 v.
425 3180 452 3232 3.
476 3194 504 3250 p.
525 3177 581 3231 195
605 3173 679 3230 haee
700 3173 854 3232 adnotavit
875 3174 1001 3247 ,,κοιμᾶν
1024 3173 1121 3250 sopire
1137 3171 1351 3250 antiquissimis
1373 3175 1466 3250 scrip-

381 3275 495 3336 toribus
518 3281 552 3334 ut
567 3277 697 3334 Homero
721 3275 869 3334 usitatum.
913 3277 1020 3334 Postea
1040 3274 1226 3354 frequentius
1242 3273 1302 3332 fuit
1316 3275 1463 3349 κοιμίζειν.
1539 3267 1542 3273 ’

382 3377 528 3437 Stanleius
550 3377 700 3438 Eustathii
724 3377 959 3436 observationem
981 3377 1016 3433 ad
1039 3373 1070 3436 Ξ.
1087 3383 1146 3434 236
1169 3377 1310 3450 laudavit,
1334 3377 1385 3456 qui
1407 3379 1463 3436 hoc

382 3499 499 3561 quoque
521 3479 666 3539 versiculo
690 3499 759 3537 usus
782 3484 838 3551 est,
869 3483 903 3536 ut
926 3498 975 3536 eos
999 3477 1048 3556 qui
1072 3479 1216 3555 putabant
1242 3480 1364 3538 Aeoliae
1385 3481 1463 3556 apud

381 3569 544 3640 Homerum
566 3582 711 3657 κοίμησον
733 3601 786 3657 pro
809 3579 944 3653 κοίμισον
967 3580 1077 3638 dictum
1100 3601 1163 3638 esse
1184 3582 1356 3640 refutaret.“

467 3685 497 3760 5)
520 3684 664 3745 Perverse
686 3685 781 3742 forma
803 3675 948 3758 ἐπήβολος
970 3679 996 3758 β.
1015 3689 1074 3742 319
1099 3701 1187 3762 quam
1206 3683 1389 3760 Porphyrius
1409 3688 1461 3744 At-

381 3787 470 3846 ticam
492 3786 625 3858 vocavit,
648 3786 768 3845 Aeolice
791 3805 844 3862 pro
866 3781 1002 3859 ἐπίβολος
1024 3807 1086 3846 esse
1110 3786 1277 3859 dicebatur,
1300 3807 1327 3847 v.
1349 3787 1420 3846 Ahr.
1437 3788 1460 3844 l.

382 3896 431 3950 95.
460 3889 567 3951 Christ.
589 3908 617 3964 p.
635 3893 683 3947 26.

377 4067 380 4074 Ι
467 3994 497 4068 61
520 3992 652 4052 Invicem
671 3989 844 4050 Eustathius
867 4011 894 4067 p.
914 3980 987 4066 697,Ι
1004 3999 1042 4052 33
1067 3989 1246 4080 πολοπῖιλαξ
1262 3991 1376 4069 (aa)
1400 3982 1459 4050 κατ’
1511 4037 1513 4050 .

382 4089 539 4171 ἔναλλαγῆν
561 4084 703 4168 Αἰολικῆν
726 4089 757 4150 ἐκ
780 4094 833 4150 τοῦ
855 4091 952 4169 πῆλᾶν
975 4095 1135 4166 derivavit3
1166 4097 1216 4154 sed
1238 4095 1317 4154 inter
1340 4093 1459 4172 stirpem
