3126 5256
837 699 898 765 152

612 919 639 1000 ξ.
662 929 711 984 21.
755 924 806 982 Ι)ο
828 923 1115 1002 patronymieis.

409 1041 520 1106 Herod.
543 1061 575 1098 ιι.
598 1061 727 1121 nesporo.
746 1043 787 1103 11.
810 1063 840 1120 p.
859 1047 928 1115 858,
947 1048 1087 1110 22-29
1109 1035 1146 1101 τὰ
1167 1039 1210 1112 εἰς
1231 1047 1274 1104 ὢν
1294 1063 1416 1124 mpro-

324 1135 435 1218 νομικοὶ
457 1143 580 1203 Ionibus
602 1136 637 1202 aei
661 1136 711 1202 duel
733 1144 786 1202 τοῦ
811 1129 896 1214 edm}
918 1145 1115 1205 Aeolensibus
1135 1145 1316 1220 vindicavit;
1348 1148 1416 1208 eius

324 1244 444 1324 quidem
457 1245 602 1305 Aeolismi
616 1247 765 1306 Homerus
780 1263 844 1305 non*
856 1248 980 1324 praebet
994 1246 1139 1322 exempla.
1174 1249 1286 1308 Contra
1298 1249 1416 1310 formae

326 1367 402 1427 quae
424 1347 666 1408 terminationem
680 1333 735 1419 E}
755 1367 827 1426 prae
850 1349 955 1408 ceteris
973 1349 1060 1409 valde
1076 1349 1274 1410 Aeolensibus
1290 1351 1415 1412 Boeotis

324 1448 474 1508 Thessalis
490 1449 629 1510 usitatam
647 1450 687 1528 (v.
703 1452 777 1510 nur.
793 1452 818 1511 I.
837 1471 866 1528 p.
880 1455 950 1510 158.
962 1455 1032 1510 215.
1047 1451 1090 1511 ΙΙ.
1107 1471 1135 1527 p.
1147 1457 1218 1511 499.
1231 1453 1414 1530 otc-528)

325 1571 397 1630 prae
426 1571 458 1609 se
485 1552 602 1625 ferunt,
634 1573 673 1612 ex
699 1554 831 1612 Homero
859 1557 965 1629 utpote
992 1552 1132 1614 Aeolicae
1162 1546 1292 1630 Κρόνιος
1324 1555 1416 1613 Τελα-

324 1645 435 1729 μώνιος
459 1646 622 1722 Ποιάντιος
645 1647 822 1730 Καπανήϊος
843 1656 902 1714 hec
925 1653 1006 1713 trahi
1028 1653 1127 1714 solent
1152 1673 1170 1714 a
1191 1655 1319 1730 Bergkio
1340 1655 1415 1717 hist.

325 1755 383 1816 litt.
406 1776 436 1834 p.
454 1760 501 1814 56.
525 1760 622 1815 n.15.
652 1757 784 1816 Ameisio
805 1776 835 1834 p.
855 1761 893 1815 54
901 1777 910 1828 ;
940 1759 1030 1835 atque
1056 1756 1116 1816 iam
1142 1773 1160 1815 a
1182 1757 1274 1818 schol.
1297 1759 1361 1818 cod.
1376 1760 1412 1818 B.

275 1933 280 1940 ⁴
324 1859 362 1916 ad
382 1859 416 1914 Τ.
432 1862 503 1916 404.
534 1858 629 1935 (Euat.
647 1879 676 1935 p.
694 1862 784 1930 1214,
807 1858 862 1935 27)
890 1857 1023 1934 Neptuni
1051 1877 1216 1934 cognomen
1241 1849 1415 1930 Ἑλικώνιαι

313 1959 375 2037 ·(cf.
391 1959 534 2019 Herodot.
553 1960 576 2019 I.
600 1978 624 2017 c.
645 1960 717 2037 148)
746 1960 784 2018 ed
805 1959 998 2018 Aeolensium
1025 1951 1108 2035 παραὶ
1136 1952 1189 2029 τὰς
1207 1952 1327 2038 pecude
1352 1962 1414 2020 τοῖν

325 2052 530 2140 πρωιοαύιιων
557 2052 715 2134 crustumio
736 2053 850 2130 τύιιονς
876 2061 1025 2121 formandi
1046 2081 1159 2121 morem
1179 2061 1335 2122 remissum
1357 2069 1413 2138 est,

325 2184 354 2224 v.
377 2163 489 2222 Herod.
511 2183 540 2239 p.
559 2167 629 2235 850,
648 2161 698 2221 21.
729 2163 803 2222 Ahr.
822 2164 846 2222 I.
869 2183 897 2240 p.
917 2167 985 2222 160.
1009 2196 1051 2212 ν-
1094 2164 1152 2222 Sed
1178 2183 1239 2222 non
1265 2165 1414 2245 adsequor

330 2265 475 2346 quomodo
497 2263 569 2323 hinc
592 2264 665 2324 certi
686 2263 798 2344 aliquid
827 2265 906 2324 effici
928 2263 1038 2342 possit3
1066 2264 1168 2344 itaque
1196 2285 1260 2325 rem
1281 2272 1413 2344 praeter·

326 2369 445 2426 mittere
466 2367 564 2439 liceat,
592 2366 767 2445 praesertim
793 2385 860 2425 oum
881 2366 914 2425 in
940 2366 1037 2426 titulis
1059 2367 1275 2427 recentioribus
1301 2369 1412 2449 ubique

325 2468 446 2544 longior
473 2465 645 2528 terminatio
672 2453 735 2537 {co—c
761 2468 933 2529 inveniatur
964 2467 1014 2545 (of.
1035 2469 1154 2546 Sauppe
1183 2489 1213 2546 p.
1233 2475 1283 2530 26.
1313 2470 1411 2531 Weld.

324 2591 355 2649 p.
373 2577 423 2630 29.
443 2570 511 2649 38);
534 2573 624 2650 atque
639 2570 704 2630 sine
718 2561 780 2629 ulla¹
794 2571 980 2630 dubitatione
1001 2569 1055 2628 illa
1067 2570 1207 2630 formatio
1222 2571 1315 2646 magis
1333 2590 1412 2631 com-

324 2673 423 2732 munis
453 2676 516 2733 erat
546 2691 634 2751 quem
660 2676 696 2731 ut
723 2692 761 2737 ex
791 2671 951 2752 singularis
978 2670 1099 2732 dialecti
1125 2673 1291 2752 propietate
1314 2674 1410 2752 repeti

325 2779 434 2854 posset.

678 2942 704 3022 §-
728 2949 777 3004 22.
820 2899 1056 3022 Debynoexi.

414 3066 487 3124 Cum
508 3063 568 3124 iam
589 3064 627 3124 ad
649 3061 739 3124 linem
754 3063 951 3142 pervenerim,
973 3066 1031 3123 hoc
1051 3063 1117 3124 loco
1133 3063 1278 3137 subinngo
1293 3063 1412 3122 unicum

328 3171 519 3246 praeceptum
540 3167 578 3225 ad
607 3166 749 3244 syntaxin
772 3171 910 3244 spectans
933 3167 1010 3245 quod
1040 3166 1078 3225 od
1098 3165 1294 3244 participium
1308 3162 1413 3242 βριθο-

328 3265 402 3344 μένη
425 3267 460 3326 Θ.
477 3270 547 3329 aot.
571 3268 605 3332 in
624 3268 716 3328 sohel.
739 3270 802 3332 eod.
818 3269 855 3330 D.
878 3272 924 3330 est
945 3269 1142 3345 adscriptum:
1164 3262 1303 3342 κέχρηται
1323 3257 1413 3346 (sco‘

326 3363 465 3448 ποιητὴς)
488 3371 595 3451 μετοχῇ
614 3360 681 3430 οἷ’νι1
704 3362 837 3446 ῥήματος
856 3365 906 3428 καὶ
922 3366 982 3428 ἔστι
1004 3360 1037 3428 τὸ
1060 3370 1156 3445 σχῆμα
1177 3365 1256 3428 ἴδιον
1270 3364 1412 3428 Αἰολέων.

328 3473 387 3534 Sed
409 3471 522 3532 erravit
542 3471 800 3549 acholiographns;
829 3490 899 3531 nem
920 3469 1112 3548 participium
1139 3491 1199 3530 non
1226 3470 1312 3532 verbi
1335 3469 1412 3530 finiti

330 3573 381 3636 sed
402 3570 540 3634 attributi
561 3571 627 3630 loco
649 3571 731 3631 valet
751 3576 841 3650 etque
862 3571 895 3630 in
916 3571 1032 3651 reliquo
1055 3572 1209 3631 enuntiato
1225 3569 1229 3651 Ι
1244 3564 1350 3647 μήκων
1370 3605 1412 3616 --

327 3666 408 3748 ιιοὶοη
426 3663 530 3749 βάλεν,
551 3663 598 3746 ἥτ’
626 3667 670 3730 ivi
691 3664 796 3753 κήπῳ,
817 3667 821 3750 Ι
844 3673 951 3752 καρπῷ
976 3669 1142 3751 βριθομένη
1168 3672 1276 3732 omissa
1300 3677 1345 3732 est
1366 3692 1412 3732 oe-

328 3776 400 3854 pnla
422 3770 507 3834 ἐστίν.
551 3775 689 3834 Ceterum
710 3772 764 3838 vix
785 3778 831 3834 ost
846 3773 925 3853 qued
939 3791 1075 3832 moneam
1088 3774 1162 3840 tolia
1176 3771 1244 3851 aspi
1258 3767 1413 3851 σχημάτων
1471 3807 1473 3812 -

328 3881 488 3957 praecepta
509 3876 768 3952 grammaticorum
790 3895 854 3936 esse
877 3879 1042 3938 commenta
1063 3894 1099 3936 ac
1120 3877 1178 3936 lide
1200 3895 1310 3940 carere.

414 4067 498 4126 Haec
519 4068 584 4125 tota
611 4065 729 4139 farrago
752 4069 798 4124 est
825 4082 914 4144 quam
937 4062 1080 4138 congessi.
1126 4062 1193 4127 Qua
1214 4063 1413 4143 disputatione

330 4189 397 4232 cum
418 4167 546 4244 vestigia
560 4167 735 4232 elocutionis
749 4165 928 4228 Homericae
940 4164 1064 4230 Aeolica
1086 4164 1224 4230 siminus
1242 4165 1341 4229 omnia
1360 4185 1413 4242 pro

331 4271 421 4348 certis
442 4290 490 4330 mo
512 4269 636 4330 evicisse
657 4273 689 4328 et
703 4267 846 4348 pleraque
867 4267 971 4326 saltem
986 4266 1154 4344 probabilia
1168 4267 1332 4327 reddidisse
1349 4286 1413 4344 spe·

329 4391 402 4446 rem,
424 4371 548 4450 accingo
563 4391 611 4432 me
631 4390 710 4431 nune
732 4370 768 4428 ad
791 4369 914 4428 alteram
933 4374 1057 4446 partem,
1079 4370 1171 4434 etde
1194 4367 1365 4428 condicione
1385 4369 1413 4426 et

332 4490 419 4536 causa
441 4495 542 4536 eorum
563 4474 665 4560 paucis
688 4491 850 4550 exponam.v

771 4626 904 4636 ’,ι-ιιι...-
914 4627 970 4634 ...-
