3126 5256
681 685 744 752 133

158 857 251 915 μενος
281 839 408 900 ooutnlit
428 839 600 900 Lobeekius
626 841 662 900 ad
683 843 795 903 Buttm.
813 841 855 916 II.¹
877 859 906 916 p.
923 841 983 900 217
1014 858 1155 919 expresse
1177 844 1258 906 iuter

156 946 261 1002 oertos
285 960 383 1020 neque
397 939 488 1000 ullam
509 941 725 1002 dubitationem
747 941 951 1022 relinquentes
965 941 1132 1005 Aeolismos
1154 965 1257 1008 nume·

156 1043 254 1118 ravit,
281 1043 318 1102 os.
335 1044 445 1103 Buttm.
459 1044 485 1102 Ι.
507 1063 537 1120 p.
555 1048 626 1102 409.
650 1041 677 1122 S.
693 1048 761 1117 106,
779 1049 805 1102 8.

178 1155 184 1163 ’
248 1147 285 1222 4)
308 1145 353 1203 De
374 1144 525 1220 praesenti
546 1141 665 1220 δίζημαι
685 1146 768 1206 ouius
790 1147 880 1222 stirps
901 1145 943 1217 ξε·
963 1145 1038 1206 latet
1051 1144 1085 1204 in
1100 1139 1203 1218 ζη-τέα
1225 1151 1258 1207 et

156 1245 189 1304 in
207 1241 268 1317 ζέω
288 1246 338 1307 vel
353 1244 429 1319 ζείω,
452 1265 511 1324 quo
527 1247 647 1307 Curtius
668 1251 706 1306 et.
724 1267 752 1323 p.
769 1249 828 1306 572
848 1266 887 1306 ex
901 1246 975 1307 Hes.
993 1245 1081 1318 ζέεται
1103 1247 1182 1326 quod
1196 1245 1257 1322 legi

157 1347 247 1408 iubet
269 1345 388 1417 ζελετατ·
412 1349 537 1421 ζητεῖται
552 1348 687 1421 remittit,
709 1349 821 1408 Herod.
837 1349 874 1407 od
893 1349 928 1404 Z.
944 1353 1004 1406 268
1029 1367 1060 1405 ιτ.
1080 1339 1127 1407 ’ln
1148 1368 1197 1426 πρ.
1214 1348 1256 1406 Π.

155 1469 183 1524 p.
200 1454 254 1508 ss.
283 1449 328 1526 (a.
345 1431 415 1508 nie.
434 1469 485 1528 πρ.
501 1451 525 1508 L
543 1470 572 1525 p.
585 1451 656 1524 ιιι,
676 1449 790 1509 ι-ιι,
812 1469 840 1534 p.
857 1454 926 1521 sse,
947 1448 1039 1508 e-r.
1069 1449 1255 1544 enea-11

154 1555 284 1626 p308,
307 1555 360 1623 10,
392 1549 499 1611 Goettl.
527 1552 564 1611 de
585 1570 644 1611 aee.
667 1571 695 1628 p.
713 1550 766 1630 98)
796 1550 839 1610 sio
867 1549 1019 1610 exhibuit:
1048 1543 1105 1610 ὅσα
1132 1548 1174 1622 εἰς
1199 1556 1256 1610 θαι

153 1645 238 1731 λήγει
270 1643 470 1730 άιταρέμφατα
484 1645 526 1728 μή
548 1646 614 1712 κατ’
632 1649 761 1714 Αἰολίδα
776 1643 939 1723 διάλεκτον,
961 1649 1062 1730 τρίτην
1077 1644 1138 1712 icaro*
1154 1647 1257 1722 τέλους

153 1749 270 1830 ἔχοντα
296 1745 351 1829 τὴν
378 1743 476 1824 ὀξεῖαν
502 1755 584 1828 φιλεῖ
606 1746 665 1832 πρὸ
693 1754 747 1813 τοῦ
769 1747 872 1822 τέλους
899 1745 1115 1831 βρακάνεσθαι,
1144 1746 1202 1813 ὅσοι
1223 1748 1256 1814 di

153 1848 215 1934 πρὸ
240 1855 304 1912 τοῦ
318 1850 419 1924 τέλους
434 1851 492 1932 ἔχει
505 1851 594 1930 φάσει
612 1847 740 1934 priapos,
762 1855 969 1934 περισπᾶσθαι
988 1851 1069 1914 θέλει
1084 1887 1126 1900 -··
1140 1846 1174 1914 τά
1197 1847 1254 1934 γάρ

153 1955 316 2032 δίζησθαι,
339 1954 485 2032 φίλησθαι
506 1949 668 2032 simeonium
688 1949 832 2016 Αἰολικὸν
852 1958 1032 2037 χαρακτῆρα.
1077 1957 1135 2020 Sed
1153 1955 1256 2017 Aeoli·
1339 2013 1342 2020 .

155 2077 223 2118 oum
240 2059 374 2118 formam
392 2059 524 2121 servavit
538 2060 627 2120 Hes:
649 2056 789 2134 δλσδημαι
810 2057 860 2120 vel
879 2055 1000 2135 δέσδημι
1015 2060 1093 2135 ζητά
1113 2061 1154 2140 (v.
1173 2061 1253 2122 Ourt

157 2160 195 2220 de
217 2161 308 2223 verb.
330 2160 466 2237 p.'153);
493 2178 592 2240 noque
612 2179 684 2222 vero
706 2180 773 2220 eum
796 2161 898 2220 Curtio
919 2160 982 2221 illio
1002 2146 1135 2238 perfeeto
1156 2163 1256 2236 κεῖμαι

156 2248 236 2338 ἧμαι
260 2262 300 2321 sd
321 2261 562 2338 conparationem
583 2261 773 2322 admoverim.

252 2363 285 2441 5)
308 2363 440 2423 Verbum
462 2353 536 2437 άημι
554 2363 634 2441 quod
655 2366 778 2438 propter
799 2381 819 2436 η
840 2359 952 2440 ubique
971 2364 1121 2422 servatum
1143 2359 1254 2436 saepis·

156 2465 236 2526 sime
253 2464 410 2526 Aeolicum
431 2463 515 2524 audit
535 2461 718 2523 luoulentum
740 2467 786 2523 est
801 2462 970 2539 exemplum
985 2461 1162 2540 antiquioris
1184 2479 1253 2522 eon·

157 2566 331 2628 suetudinis
353 2567 445 2626 verba
466 2570 618 2626 ooutraota
637 2564 670 2624 in
692 2585 727 2641 με
745 2563 902 2636 fleetendi3
930 2585 998 2624 nam
1021 2563 1253 2626 ooutreotionem

48 2719 53 2742 ‚
155 2667 277 2728 voeatis
298 2667 388 2742 longa
410 2686 487 2746 quae
515 2688 576 2728 uon
605 2687 645 2728 ex
671 2668 863 2728 auteoedeute
891 2667 1037 2745 digammo
1064 2666 1114 2730 vel
1134 2665 1253 2726 aliunde

47 2811 48 2836 ,
154 2768 309 2846 explicari
330 2773 431 2842 potest
451 2769 522 2828 satis
543 2769 663 2830 indicat.
706 2771 813 2849 Neque
834 2789 907 2832 vero
929 2771 1016 2832 aliter
1028 2770 1187 2832 formatum
1208 2773 1254 2830 est

155 2876 257 2950 atque
280 2861 365 2922 τελέοι
388 2886 442 2940 pro
464 2861 686 2942 τελέῳαεάημι
707 2887 762 2943 pro
784 2863 936 2943 ά-Εειηέμι
962 2871 1003 2945 (v.
1027 2872 1062 2929 de
1085 2864 1251 2946 oiprothet.

154 2967 273 3030 Christ.
289 2983 318 3038 p.
336 2967 394 3019 241
414 2963 509 3040 quiid
525 2965 725 3038 euphonioum
745 2983 809 3024 esse
824 2967 909 3037 dixit,
931 2967 967 3025 ds
988 2970 1087 3028 radies
1103 2971 1161 3026 Fa·
1174 2969 1254 3026 Doe-

48 3124 49 3139 ¹
154 3067 235 3130 derl.
259 3063 347 3141 gloss.
367 3061 496 3122 Hom.L
519 3081 548 3120 n.
567 3067 592 3121 1.
621 3063 674 3142 qui
700 3066 770 3138 apte
790 3071 850 3136 got.
872 3065 960 3124 raian
980 3068 1089 3128 adtulit
1110 3068 1190 3127 Ourt
1213 3071 1252 3126 et.

156 3191 188 3247 p.
203 3171 278 3228 361.
294 3167 331 3226 de
345 3165 427 3258 verb.
442 3185 471 3241 p.
487 3163 555 3237 174,
572 3166 609 3224 de
623 3165 714 3240 stirpe
730 3156 805 3232 o’ere
819 3163 958 3225 Leskien.
973 3166 1006 3223 in
1021 3167 1100 3226 Curt.
1116 3167 1198 3227 stud.
1210 3168 1252 3226 ΙΙ.

48 3284 50 3307 1
158 3292 189 3348 p.
207 3275 279 3330 101.
302 3267 400 3327 Allen.
416 3266 475 3328 ΠΙ.
497 3287 526 3343 p.
543 3272 614 3327 269.
635 3287 664 3326 n.
682 3264 743 3344 50).
777 3267 843 3326 Iam
856 3268 1171 3340 veteresgrommetiei
1191 3268 1252 3330 for-

159 3393 228 3433 mas
250 3391 367 3448 semper
387 3370 451 3429 fere
472 3388 488 3428 e
510 3371 602 3430 verbo
624 3389 699 3446 puro
724 3362 784 3428 άέοι
807 3367 1030 3430 extricaveruut
1050 3370 1129 3429 uude
1150 3375 1253 3432 auotor

160 3494 192 3532 ιτ.
207 3465 314 3552 Ὁμήρ.
331 3471 405 3531 διαλ.
420 3491 467 3548 ap.
482 3471 580 3534 Maitt.
597 3494 625 3551 p.
638 3474 700 3533 478
723 3471 763 3549 (v.
783 3471 879 3534 Bekk.
894 3469 992 3532 sohed.
1008 3471 1097 3532 Hom.
1110 3473 1137 3544 ¹I.
1156 3492 1187 3548 p.
1199 3479 1250 3534 64.

161 3577 238 3634 Ahr.
258 3595 287 3651 p.
307 3580 375 3635 144.
397 3595 426 3634 n.
444 3574 495 3652 19)
523 3569 594 3652 διάη
621 3595 675 3653 pro
702 3569 824 3636 tradita
839 3572 986 3651 'seriptura
1011 3566 1086 3634 διάει
1106 3574 1253 3634 Aeolismi

162 3675 319 3736 Homerioi
331 3676 426 3737 instar
439 3677 608 3740 venditavit
622 3678 738 3741 loeutus
753 3669 804 3737 διά
818 3678 872 3737 τοῦ
893 3680 913 3752 η
930 3669 1011 3754 παρά
1035 3679 1098 3746 τοῖς
1112 3673 1252 3736 Αἰολεῦσι

163 3774 346 3858 ἐκφέρεσθαι
370 3770 411 3848 ὥς
433 3775 518 3854 seton
541 3774 611 3854 ένάη
638 3776 707 3853 δέδη
730 3777 782 3856 (Λ.
804 3777 876 3855 105)
896 3810 931 3822 -
952 3773 1003 3836 καὶ
1032 3770 1108 3838 διάει
1131 3781 1250 3858 quode

164 3881 314 3941 sententio
335 3881 398 3940 eius
420 3871 491 3954 διάη
513 3879 701 3940 scribendum
726 3897 791 3938 esse
811 3897 898 3938 nemo
921 3898 983 3940 non
1002 3879 1094 3941 videt.
1137 3881 1251 3940 Eodem

163 3982 290 4042 fortasse
312 4001 351 4042 ex
365 3982 437 4042 Hes.
459 3981 585 4040 redeunt
605 3980 719 4054 glossae
741 3969 838 4038 άετται
859 3983 890 4041 et
911 3972 1008 4040 άειτον
1029 3968 1148 4058 praeter
1169 3982 1250 4060 quod

164 4087 303 4144 aooentus
325 4082 479 4158 obstrepit,
501 4082 561 4142 nisi
581 4101 631 4142 eas
653 4101 718 4141 oum
733 4081 870 4140 Doederl.
886 4083 942 4143 11
965 4087 996 4143 et
1010 4083 1135 4144 Lentzio
1156 4083 1250 4158 praefi

164 4202 193 4260 p.
210 4186 255 4245 00
278 4204 295 4243 e
316 4189 401 4246 sueta
421 4183 634 4260 posterioribus
648 4182 823 4242 eontusione
838 4183 1017 4260 diphthongi
1040 4203 1065 4243 ει
1086 4189 1117 4244 et
1137 4184 1250 4246 vocalis

165 4305 184 4360 η
199 4287 349 4363 explioare
370 4287 463 4347 satius
484 4289 544 4359 est,
567 4287 618 4344 sed
633 4288 712 4346 oerte
726 4283 916 4360 partieipium
935 4278 998 4344 άοδν
1012 4287 1082 4346 inde
1096 4287 1251 4350 finxerunt

166 4387 251 4464 (Ahr.
267 4390 292 4447 I.
315 4409 343 4465 p.
364 4394 432 4449 141.
454 4408 484 4448 n.
505 4387 571 4463 17);
601 4386 699 4462 potuit
718 4385 811 4461 igitur
831 4385 972 4466 tonillimo
997 4378 1043 4445 άει
1063 4388 1142 4466 quod
1161 4389 1250 4452 Euat.

167 4507 195 4562 μ.
212 4495 281 4550 325.
304 4492 427 4568 praebet
447 4490 488 4570 (v.
507 4487 617 4565 Bekk.)
639 4492 670 4550 et
684 4488 816 4550 oodionm
837 4489 926 4552 leotio
943 4481 1020 4550 διάει
1034 4489 1145 4551 exoriri
1160 4511 1249 4572 quam
