3424 5386
769 833 811 897 33

247 1004 322 1064 φησι
344 980 491 1046 σύνθετον
512 985 559 1045 δεῖ
570 989 649 1046 νοεῖν
671 979 722 1045 τύν
744 982 956 1065 σχηματισμόν,
980 978 1050 1046 ύλλύ
1073 981 1149 1046 acad
1171 979 1268 1065 ύπλῆν
1289 985 1335 1048 ἕν-

246 1110 347 1161 νοταν,
376 1081 429 1148 τύν
451 1081 592 1165 εὔτολμον
612 1086 663 1148 καὶ
686 1083 814 1169 ἰσχυρόν.
844 1081 956 1166 ὁμοίως
978 1084 1010 1148 δὲ
1033 1086 1085 1148 καὶ
1103 1083 1333 1169 Ἀριστοφάνης.

251 1184 382 1270 Τρύφων
403 1185 436 1249 δὲ
458 1183 604 1249 σύνθετον
626 1183 699 1251 αύτύ
722 1187 887 1269 ἐκδέχεται,
917 1184 1000 1269 παρὰ
1022 1185 1055 1250 τύ
1077 1185 1187 1250 ταλαύν
1208 1188 1260 1251 καὶ
1281 1183 1336 1268 τήν

248 1287 341 1370 ῥινύν,
364 1284 475 1368 ductae
489 1295 531 1375 τῷ
545 1287 718 1354 ταναύποδα
733 1288 915 1354 ταναύποδα.
955 1294 1064 1353 Merito
1080 1298 1178 1354 autem
1192 1295 1335 1354 Lehmius

247 1417 276 1473 p.
295 1401 364 1455 309.
387 1396 545 1456 Euetathic
563 1417 593 1472 p.
608 1402 669 1456 548
692 1396 735 1456 sic
751 1397 930 1473 exponenti:
953 1392 1029 1455 ἔστιν
1052 1382 1107 1455 ούν
1128 1393 1161 1455 ἐκ
1178 1397 1232 1456 τοῦ
1253 1390 1336 1475 <lavde

247 1491 404 1578 ταλαύρινος
421 1494 473 1556 καὶ
487 1499 663 1581 πλεονασμῷ
677 1496 813 1580 Αἰολικῷ
830 1500 885 1558 τοῦ
907 1520 926 1556 ο
947 1490 1125 1578 ταλαύρινος
1146 1488 1187 1567 ὥς
1208 1490 1337 1577 ύρηκτος

249 1593 406 1679 αύρηκτος.
430 1592 478 1659 tul
500 1595 552 1658 καλ
573 1601 633 1659 τῶν
654 1601 788 1660 παλαιῶν
811 1595 908 1676 οἱμὲν
923 1597 1049 1674 ἒψλλονν
1070 1593 1103 1657 τύ
1120 1601 1139 1677 ρ
1159 1601 1213 1659 τοῦ
1231 1594 1337 1660 ταλαύ-

247 1723 343 1781 ρινος,
376 1693 417 1772 οἷς
445 1699 496 1761 καλ
517 1695 720 1781 Ἀρίσταρχος·
752 1701 784 1761 οἱ
811 1697 843 1762 δὲ
870 1694 1017 1762 ἐδύσυνον
1043 1703 1132 1760 fidem
1160 1703 1335 1780 denegavit3

246 1806 430 1865 luculentum
453 1806 655 1865 testimonium
681 1807 825 1864 habemns
854 1824 912 1883 quo
943 1804 1040 1864 elucet
1067 1805 1247 1881 posteriores
1268 1806 1337 1866 Ari·

247 1907 358 1967 starchi
378 1907 544 1966 rationibua
566 1927 653 1984 saepe
676 1927 728 1967 suc
750 1909 846 1966 Marte
868 1925 947 1965 nova
964 1910 1139 1982 argumenta
1161 1907 1246 1986 quasi
1268 1910 1337 1968 sub-

247 2009 392 2069 struxisae
414 2027 430 2067 e
453 2009 594 2070 dialectis.
625 2009 674 2088 (cf.
689 2009 754 2069 init.
771 2013 846 2085 part.
863 2009 959 2086 alter.)
991 2008 1111 2086 Trypho
1125 2008 1219 2082 igitur
1233 2003 1337 2069 ταλαύ-

247 2109 330 2188 ρινος
344 2111 437 2170 fuisse
452 2116 484 2171 et
497 2130 550 2170 cuo
565 2113 629 2171 iure
644 2111 934 2188 intercepirationem
948 2110 1145 2169 adhibendam
1164 2130 1229 2172 esse
1244 2113 1338 2172 credi-

247 2215 332 2272 derat
346 2213 394 2290 (cf.
407 2214 490 2272 Eunt.
504 2219 573 2288 524,
589 2220 617 2273 9,
640 2214 805 2273 Philemon.
823 2234 853 2289 p.
871 2217 928 2271 150
945 2232 992 2288 ap.
1004 2213 1190 2272 Larcchium.
1205 2233 1234 2290 p.
1247 2213 1337 2291 419);

247 2317 299 2375 aed
321 2335 383 2374 non
403 2321 485 2374 recta
506 2319 552 2376 est
567 2315 710 2376 derivatio
727 2322 758 2398 et
777 2316 872 2390 magia
888 2334 976 2393 quam
999 2315 1145 2390 scriptura
1162 2309 1339 2394 ταλαύρινος

248 2417 346 2493 placet
367 2416 517 2476 Eustathii
538 2416 628 2490 ratio,
658 2419 769 2496 quaid
791 2418 914 2476 minime
935 2436 989 2494 pro
1012 2409 1186 2495 ταλαύρινος
1208 2419 1259 2476 ned
1281 2439 1335 2496 prc

248 2512 454 2597 eald-prcc
469 2517 517 2596 (cf.
533 2519 705 2592 Hoffmann,
729 2524 841 2599 quaeat.
859 2519 1009 2579 Homeric.
1025 2520 1050 2578 I.
1074 2517 1099 2597 5
1116 2524 1164 2592 84,
1180 2525 1209 2579 2.
1231 2539 1261 2597 p.
1278 2522 1334 2580 137

249 2620 358 2699 (1842)
381 2620 452 2698 „qui
468 2620 605 2698 clypeum
627 2618 792 2700 sustinet’'),
815 2623 962 2698 digamma
980 2621 1063 2681 vocis
1084 2615 1168 2698 ρινύς
1188 2622 1239 2682 vel
1252 2623 1336 2684 Aeol

248 2727 349 2804 γρῖνος
365 2722 405 2800 (v.
418 2722 505 2782 Giese
516 2742 544 2798 p.
559 2721 659 2803 191λ2.
675 2724 793 2783 Ahrens
804 2723 845 2784 H.
858 2745 887 2801 p.
900 2729 948 2783 56.
965 2722 1071 2783 Christ.
1087 2743 1116 2799 p.
1131 2724 1199 2782 178.
1222 2722 1337 2784 Hartel.

248 2847 278 2902 p.
295 2826 369 2904 395)
392 2823 502 2898 soluto,
534 2828 631 2883 crtum
655 2843 721 2885 esse
740 2826 893 2903 accipitur.
926 2825 974 2903 (cf.
990 2821 1221 2902 ταλα-πενθής,
1252 2828 1338 2884 ταλα-

249 2922 333 3008 εργύς
354 2925 554 3005 ταλα-πελρτος
573 2920 769 3006 πολύφρονα)
799 2933 896 3004 Asper
910 2947 981 3003 ergo
998 2947 1064 2987 cum
1080 2928 1170 3002 vulgo
1185 2929 1303 2988 litterae
1318 2949 1336 3007 ρ

249 3049 266 3090 e
289 3029 435 3105 digamma
457 3029 619 3103 inhaereat,
642 3031 692 3090 hic
713 3029 810 3090 locum
825 3031 935 3089 habere
952 3033 1083 3090 nondum
1098 3033 1205 3108 potuit,
1228 3031 1338 3110 deque

249 3153 282 3191 re
304 3131 421 3191 Giesius
441 3150 470 3207 p.
487 3135 557 3190 334.
578 3131 666 3208 (328)
688 3136 719 3191 et
740 3132 897 3192 Velseniua
917 3131 954 3190 fr.
971 3131 1082 3210 Tryph.
1104 3153 1133 3208 p.
1150 3136 1189 3189 65
1213 3151 1336 3191 monue-

248 3240 320 3295 runt
340 3267 383 3276 -—
406 3233 516 3292 Vocem
537 3251 626 3312 quam
647 3238 751 3311 quater
771 3233 897 3308 legimus
912 3233 949 3288 E.
963 3234 1130 3291 289.=Y.
1144 3234 1192 3290 78.
1211 3233 1250 3291 Χ.
1264 3234 1335 3292 267.

248 3369 291 3381 -
308 3336 348 3395 Η.
363 3340 433 3393 239.
462 3337 500 3394 ad
521 3334 677 3394 Aeolidem
698 3335 881 3393 referendam
904 3352 967 3393 esse
988 3333 1021 3391 in
1041 3333 1199 3410 propatulo
1221 3339 1279 3408 est,
1310 3335 1336 3395 ei

248 3439 372 3498 Aeolica
386 3429 533 3514 αύρηκτος
549 3429 661 3513 εύρύγη
677 3437 760 3514 (Ahr.
773 3437 797 3495 1.
815 3435 868 3514 39)
889 3441 922 3496 et
933 3435 1036 3494 Ionica
1051 3427 1198 3513 ύῤῥηκτος
1215 3437 1249 3494 Β.
1263 3443 1337 3496 490.

250 3542 290 3601 Ν.
305 3543 354 3599 37.
371 3544 441 3598 acc.
472 3533 505 3603 Ξ.
524 3543 574 3596 cc.
591 3544 639 3596 ea.
673 3538 706 3597 ο.
723 3544 772 3596 ac.
803 3540 837 3597 Τ.
860 3543 927 3596 150.
959 3537 995 3597 Φ.
1014 3539 1086 3596 447.
1113 3542 1146 3598 e.
1164 3540 1235 3598 αττ.
1263 3561 1290 3598 κ.
1307 3548 1334 3600 4.

248 3640 353 3722 ἕρρἰψε
368 3642 477 3700 similia
489 3641 568 3702 inter
585 3660 616 3701 se
632 3640 831 3701 conferuntur.
863 3641 899 3700 cf.
915 3641 1091 3716 Savelabcrg
1104 3662 1133 3717 p.
1153 3639 1231 3723 15)6.
1247 3644 1336 3704 etiam

247 3737 425 3823 ταλύρῤινος
446 3748 610 3820 exspectes.
630 3744 633 3749 ’

334 3847 366 3924 2)
389 3848 436 3905 Ita
449 3865 482 3905 ac
495 3847 587 3906 habet
600 3866 661 3906 vox
676 3845 833 3924 καλαῦροψ
848 3866 935 3926 quam
948 3846 1050 3906 nescio
1066 3865 1126 3924 quc
1141 3846 1205 3904 iure
1218 3847 1336 3907 Ahren-

249 3949 310 4008 siua
322 3950 364 4006 Π.
387 3969 416 4025 p.
428 3953 468 4005 29
485 3949 602 4008 Atticae
618 3948 743 4008 dialecto
758 3948 898 4008 tribuerit
918 3967 972 4024 pro
988 3939 1167 4025 uctd-Fpotp
1181 3975 1225 3998 =
1237 3950 1335 4022 ,fustis

248 4050 355 4129 laqueo
377 4048 547 4110 instructus'
574 4051 612 4108 Ψ.
631 4054 700 4108 845.
720 4055 765 4111 ent
785 4051 879 4125 igitur
893 4049 1070 4110 Aeolismuc.
1108 4051 1143 4110 cf.
1160 4051 1334 4110 Hoffmann.

248 4152 267 4211 l.
282 4151 303 4211 l.
325 4157 441 4227 p.138.
477 4151 661 4226 Savelaberg.
687 4152 820 4211 Curtium
842 4171 870 4227 p.
889 4155 959 4211 327.
976 4157 1046 4210 515.
1086 4152 1193 4212 christ.
1216 4171 1245 4228 p.
1266 4157 1332 4212 192.

248 4253 365 4314 Hartel.
383 4273 412 4329 p.
426 4258 496 4310 395.

336 4357 367 4433 3)
390 4355 482 4414 Aliud
503 4355 706 4428 certissimum,
728 4360 762 4415 ut
776 4356 850 4414 mihi
865 4356 985 4434 quidem
1006 4356 1132 4428 videtur,
1153 4355 1242 4414 huius
1257 4359 1335 4414 Aeo-

247 4459 322 4520 licae
336 4457 462 4518 rationis
472 4457 642 4532 exemplum
658 4477 720 4516 non
733 4477 853 4534 possum
868 4458 987 4517 silentio
1002 4457 1178 4534 praeterire:
1197 4449 1335 4535 ἀπούρας

249 4553 382 4642 ἀπηύρα,
404 4580 478 4641 quas
493 4559 604 4619 formas
624 4559 736 4634 primus
750 4560 915 4620 Ahreneius
934 4559 966 4620 in
981 4559 1210 4619 Zimmermanni
1225 4561 1335 4622 Diariis

249 4665 397 4743 Antiquit.
419 4665 501 4724 stud.
526 4667 605 4722 1836
628 4681 657 4739 p.
672 4667 787 4742 801aq.
808 4664 942 4725 vccclem
964 4685 982 4724 ο
1005 4684 1044 4725 cx
1065 4665 1213 4741 digamma
1235 4668 1334 4723 natam

1111 4773 1127 4824 3
