3424 5386
990 367 1009 430 2

457 523 610 580 Anecdoto
623 525 756 581 Romano
768 543 796 599 p.
808 528 879 581 285.
892 541 999 596 magna
1010 523 1098 582 leude
1110 522 1229 594 efferre,
1252 514 1350 580 tamen
1371 541 1452 580 eam
1467 522 1528 600 plu

455 627 597 685 fovebant
620 629 654 682 ut
674 624 855 684 Ribbeekius
878 625 910 684 in
934 625 1023 684 huius
1046 624 1117 683 libri
1144 623 1307 700 censura⁸)
1331 629 1438 703 atque
1462 644 1528 683 con

455 726 636 786 Ahrensium
659 727 785 804 protulit
811 746 916 785 censor
940 727 1002 785 eius
1022 725 1231 800 grammaticae
1250 726 1443 802 Graecae9).
1498 727 1528 784 P

455 831 533 888 fecto
553 829 605 908 qui
623 848 688 888 eam
704 828 798 887 secuti
821 834 891 887 sunt
907 849 1009 889 ornnes
1032 829 1173 906 antiquae
1188 827 1309 902 linguae
1328 829 1495 908 reliquias
1517 851 1528 906 1

455 932 590 1006 vestigiis
600 931 731 991 Aeolicis
746 930 901 991 venditare
916 935 1064 1007 poterant.
1096 931 1217 990 Rectius
1235 950 1306 989 sane
1321 931 1345 988 si
1364 932 1448 1010 quid
1463 931 1528 992 vid

456 1036 492 1093 de
507 1035 565 1092 hac
581 1054 614 1093 re
632 1033 803 1091 iudicarunt
820 1033 937 1092 Giesius
954 1038 985 1092 et
1000 1032 1181 1104 Ahrensius,
1203 1033 1260 1092 viri
1279 1033 1458 1092 doctissimi
1477 1039 1513 1092 et

456 1137 586 1199 Graecae
603 1135 724 1209 linguae
741 1134 875 1193 dialectis
891 1135 1010 1208 egregie
1024 1135 1139 1207 meriti;
1162 1134 1272 1194 diserte
1288 1135 1410 1194 scilicet
1427 1141 1528 1215 uterq

455 1238 639 1299 diversarum
656 1237 848 1296 dialectcrum
864 1257 951 1295 usum
967 1256 1054 1316 quern
1065 1237 1234 1296 Harlessius
1249 1237 1421 1316 lyricorum
1437 1239 1528 1296 deme

339 1371 352 1386 ›
455 1339 547 1399 aetati
565 1339 681 1413 tribuit,
705 1343 735 1398 et
748 1339 867 1398 mistam
883 1339 1030 1418 quandam
1047 1339 1175 1416 speciem
1188 1339 1222 1396 in
1237 1335 1426 1398 carminibus
1443 1335 1528 1398 Hom

454 1443 525 1502 riois
540 1441 735 1520 agnorit10).
769 1441 869 1499 Etiam
882 1435 1039 1500 Ribbeckii
1054 1441 1203 1500 sententia
1216 1441 1236 1500 l.
1249 1442 1269 1501 l.
1287 1447 1476 1501 cunctanter
1491 1462 1528 1521 qu

454 1547 521 1604 dem
538 1565 573 1604 eo
588 1543 755 1615 inclinavit,
772 1548 807 1601 ut
821 1547 893 1601 ante
903 1541 1092 1602 Homericam
1108 1549 1235 1602 aetatem
1254 1543 1388 1618 singulas
1405 1541 1528 1603 dialect

453 1647 614 1724 separatim
638 1665 670 1703 se
689 1646 898 1704 corroborasse
919 1649 953 1704 ut
974 1650 1096 1721 possent
1116 1645 1259 1720 discerni,
1289 1647 1440 1706 crederet.
1486 1645 1528 1705 Ηι

453 1746 548 1823 igitur
569 1747 713 1825 placitum
735 1745 810 1804 mihi
836 1763 954 1826 quoque
973 1765 1044 1824 prae
1071 1725 1177 1806 ceteris
1197 1749 1332 1808 adridere
1355 1768 1442 1808 nunc
1463 1769 1528 1825 prat

452 1869 558 1909 moneo
575 1866 641 1908 eum
657 1850 861 1928 quaestionem
875 1850 911 1907 de
923 1848 1072 1908 Aeolismo
1086 1851 1245 1910 Homerico
1260 1851 1482 1910 instituendam
1503 1863 1528 1908 al

454 1973 512 2033 qne
523 1952 640 2026 singula
649 1951 773 2010 Aeolica
781 1951 909 2025 vestigia
925 1951 1106 2026 conlegenda
1117 1957 1148 2011 et
1162 1951 1372 2030 pertractanda
1386 1953 1464 2011 mihi
1477 1973 1528 2030 pr<

452 2055 617 2134 posuerim,
641 2054 720 2132 quod
738 2055 794 2112 etsi
810 2067 874 2112 esse
887 2055 1006 2115 videtu
1024 2056 1290 2132 operaepretium,
1314 2073 1382 2114 cum
1400 2055 1475 2113 setis
1494 2055 1528 2113 ad

438 2164 555 2217 ,curate
573 2162 638 2214 turn
656 2155 797 2214 continua
814 2155 1024 2232 explanatione
1041 2175 1059 2214 a
1074 2157 1228 2216 nullodum
1248 2163 1361 2216 motum
1380 2175 1446 2216 esse
1461 2157 1528 2218 vide

452 2276 525 2319 ram
569 2259 645 2316 Nam
669 2275 745 2336 quae
767 2259 935 2318 dissertatio
957 2259 1012 2332 „de
1030 2259 1179 2318 Aeolismo
1198 2256 1376 2319 Homerico'’
1400 2279 1427 2320 a.
1451 2263 1528 2317 1865

454 2361 540 2420 Helie
557 2349 626 2419 Saxi
647 2361 759 2438 prodiit
774 2361 923 2420 Theodori
938 2361 1078 2434 Ameisii,
1108 2379 1156 2421 me
1174 2362 1248 2420 illud
1268 2363 1425 2421 consilium
1442 2361 1526 2420 conci

453 2464 586 2542 pientem
605 2463 723 2536 fugerat
744 2479 841 2541 neque
856 2463 939 2540 prius
955 2463 988 2520 in
1009 2480 1113 2522 manus
1135 2464 1352 2542 inciditquem
1368 2468 1461 2522 totam
1476 2464 1528 2521 feri

454 2565 608 2624 materiem
630 2566 766 2639 congessi
782 2577 979 2644 magnamque
1002 2567 1259 2625 commentationis
1276 2572 1390 2640 partem
1410 2565 1522 2625 absolvi

453 2674 637 2726 tamencum
652 2667 793 2728 vidissem
808 2668 841 2726 in
864 2666 964 2726 multis
982 2668 1100 2746 quidem
1118 2670 1207 2726 rebus
1223 2667 1365 2727 iudicium
1383 2667 1528 2747 utriusqus

454 2775 589 2829 nostrum
611 2786 672 2828 non
695 2770 867 2843 dissentire,
898 2771 948 2828 sed
969 2786 1066 2848 neque
1087 2771 1186 2829 omnia
1209 2787 1307 2849 neque
1331 2791 1366 2829 ea
1389 2789 1462 2850 quae
1484 2769 1528 2830 ills

455 2879 643 2950 exposuerat,
664 2889 681 2931 e
702 2875 850 2933 sententia
866 2891 933 2932 mea
951 2871 1101 2966 disputata
1117 2891 1182 2932 esse
1200 2889 1259 2952 qua
1280 2891 1313 2932 re
1334 2873 1395 2931 eius
1416 2873 1447 2930 in
1466 2889 1528 2930 con·

454 2973 589 3052 pluribus
612 2975 686 3032 locis
708 2977 852 3038 rationem
874 2977 987 3033 habere
1012 2993 1114 3048 cogor,
1145 2975 1331 3050 propositum
1353 2975 1528 3043 abiciendum

408 3067 412 3075 ’
455 3092 515 3135 non
536 3092 599 3134 esse
615 3079 718 3152 putavi
735 3097 832 3157 neque
848 3097 911 3138 rem
929 3081 1093 3134 retractare
1112 3076 1288 3149 dedignatus
1307 3091 1379 3136 sum.
1419 3077 1528 3155 Inque

455 3177 583 3236 maxime
601 3177 693 3236 Giesii
707 3179 849 3237 Ahrensii
865 3209 909 3220 —-
921 3196 1045 3256 quorum
1062 3177 1147 3236 libris
1168 3179 1246 3257 quod
1264 3183 1409 3236 extremae
1424 3185 1527 3256 partes,

456 3295 581 3359 quarum
602 3280 636 3338 in
658 3279 711 3338 tali
734 3264 908 3362 quaestione
931 3279 1025 3340 cuivis
1051 3280 1131 3338 haud
1153 3298 1278 3357 parvum
1300 3287 1431 3340 movetur
1454 3281 1526 3339 desi-

456 3383 586 3455 derium,
608 3387 708 3441 tamon
734 3381 916 3458 exspectatio
937 3381 1075 3453 evanuit,
1106 3401 1166 3440 non
1184 3387 1323 3459 poterant
1339 3383 1417 3456 addi,
1444 3382 1524 3443 valde

455 3485 648 3543 dolemus-
671 3485 705 3542 G.
724 3484 817 3544 Curtii
841 3483 966 3544 eliorum
987 3501 1112 3562 quorum
1134 3484 1255 3543 nomina
1279 3490 1309 3544 et
1333 3485 1399 3564 quid
1419 3484 1454 3542 iis
1475 3485 1522 3542 de⁴

455 3588 541 3646 bearn
558 3586 619 3645 suis
635 3585 710 3644 locis
725 3587 867 3659 laudabo,
896 3586 1011 3646 meritis
1026 3607 1073 3645 me
1090 3586 1223 3645 adiutum
1243 3607 1307 3646 esse
1324 3587 1375 3646 vix
1392 3592 1432 3646 est
1450 3589 1521 3666 quod

455 3689 544 3766 plane
562 3707 708 3748 moneam.
752 3688 809 3746 Sed
833 3689 1006 3768 priusquam
1029 3708 1109 3748 nunc
1133 3691 1171 3747 ad
1190 3690 1285 3766 ipsam
1309 3689 1518 3766 disputationem

454 3792 606 3864 accedam,
636 3811 702 3851 cum
719 3789 779 3851 viri
797 3791 877 3849 docti
894 3791 963 3870 quid
983 3791 1022 3850 sit
1037 3791 1192 3851 Aeolicum
1209 3791 1389 3871 aliquantum
1402 3791 1472 3850 inter
1488 3812 1516 3850 so

455 3893 646 3962 ffissentiant,
675 3893 785 3951 idcireo
807 3914 868 3952 non
884 3888 1134 3972 supervacaneum
1153 3893 1226 3952 mihi
1244 3894 1363 3954 videtur
1377 3893 1514 3952 sententiis

460 4017 463 4022 ’
524 4045 550 4110 a)
567 4047 597 4093 a.
615 4047 695 4092 unna
712 4048 794 4094 anna.
811 4049 861 4094 v01.
874 4050 915 4096 ee.
933 4061 957 4108 p.
971 4048 994 4094 e.
1065 4046 1091 4112 a)
1108 4047 1168 4094 seir.
1185 4061 1208 4106 p.
1223 4047 1280 4094 eea.

524 4130 566 4195 10)
584 4130 665 4189 Gisss,
678 4132 708 4180 de
719 4133 777 4180 dial.
788 4132 883 4180 Aeolio.
894 4147 919 4194 p.
933 4134 973 4180 72.
986 4135 1043 4181 tls.
1068 4133 1174 4190 serens,
1192 4129 1509 4190 dediall.1ingaaeilrase.l.

455 4232 479 4276 p.
494 4214 546 4276 rit,
563 4217 588 4262 in
600 4229 703 4277 gramm.
715 4219 770 4264 dial.
783 4217 906 4266 Homeris.
926 4223 950 4264 et
962 4218 1056 4264 Atticae
1074 4218 1095 4277 ξ.
1110 4221 1132 4264 1.
1151 4232 1174 4277 p.
1190 4218 1212 4275 3,
1231 4217 1268 4263 ed.
1281 4216 1323 4263 alt.
1337 4214 1506 4274 cassiopaea.
