3424 5386
916 419 959 484 40

398 576 498 636 nescio
525 594 564 634 an
592 576 681 636 etiam
709 575 796 636 iuxta
825 571 940 651 ἴδμεναι
971 575 1011 635 Ν.
1033 576 1103 634 273.
1136 571 1348 634 δ.200.493.
1390 595 1431 649 μ.
1468 579 1564 634 154

397 678 476 754 apud
491 679 653 738 Homerum
672 679 765 738 fuerit
786 673 977 755 κεκαδμένος,
1000 679 1079 757 quod
1093 679 1217 754 praebet
1231 676 1397 736 Pindarus
1422 677 1491 736 Ol.
1513 679 1555 737 Ι.

396 802 424 840 v.
442 781 481 839 27
506 780 546 858 (v.
569 783 649 841 curt.
674 781 710 840 de
732 781 814 840 verb.
836 801 865 858 p.
884 781 973 858 188),
1003 799 1065 840 non
1086 779 1241 840 Aeolicum
1262 778 1313 838 vel
1340 778 1550 846 Doricum

398 883 545 960 (Eustath.
568 904 597 961 p.
614 887 685 955 214,
705 888 761 955 22,
783 902 812 942 v.
829 884 902 942 Ahr.
922 884 965 944 Il.
983 881 1055 959 109)
1078 883 1129 942 scd
1151 902 1189 942 ex
1211 880 1294 958 epico
1318 881 1541 940 archaismo

397 985 446 1045 vel
460 985 592 1045 Ionismo
608 989 767 1058 servatum,
788 1004 843 1061 pro
858 981 1037 1060 κεκασμένος
1052 988 1089 1045 Δ.
1107 991 1178 1045 339.
1200 984 1227 1046 d.
1246 989 1319 1047 725.
1334 989 1423 1057 815,
1450 985 1537 1043 for-

397 1093 486 1148 tasse.
497 1092 623 1166 propter
642 1086 795 1162 vulgatum
814 1093 845 1147 st
858 1088 991 1148 Atticum
1012 1107 1099 1148 usum
1120 1089 1169 1166 (ot'.
1186 1091 1293 1149 Aesch.
1308 1090 1411 1148 Eum.
1436 1086 1531 1146 766.

397 1189 552 1266 Aristoph.
574 1189 665 1269 equit
683 1211 712 1250 v.
732 1191 805 1269 685)
827 1189 859 1248 in
881 1190 985 1252 Ionica
1006 1191 1138 1251 carmina
1157 1191 1251 1251 illato.

483 1292 525 1351 II.
559 1307 603 1351 σσ.
738 1307 741 1314 ’

487 1394 517 1471 1)
539 1395 693 1456 Sibilantis
715 1396 888 1472 geminatio.
900 1415 976 1475 quae
992 1395 1087 1454 oritur
1106 1395 1156 1456 vel
1171 1414 1316 1457 concursu
1331 1391 1475 1454 alterius
1496 1408 1520 1450 σ

398 1495 448 1555 vel
463 1496 603 1574 spirantis
626 1497 751 1558 alicuius
767 1497 806 1576 (j,
822 1498 860 1576 1)
876 1496 1102 1572 adsimilatione,
1125 1519 1192 1558 cum
1214 1517 1302 1575 saepo
1315 1497 1352 1554 in
1368 1494 1516 1555 Aeolica

399 1599 528 1659 dialecto
544 1601 704 1678 conspicua
720 1605 798 1660 esset
818 1600 871 1658 nbi
893 1599 970 1658 aliae
984 1600 1103 1660 dialecti
1118 1600 1246 1677 simplex
1262 1614 1280 1657 σ
1294 1598 1510 1669 adhibebant,

400 1700 477 1760 sicut
492 1720 626 1781 quaeque
648 1702 708 1762 alia
722 1702 884 1780 duplicatio
907 1702 997 1761 etiam
1018 1702 1050 1761 in
1064 1703 1233 1762 Homericis
1249 1700 1378 1764 vocibus
1396 1719 1507 1774 gram-

399 1802 516 1862 maticis
535 1803 688 1864 inferioris
703 1808 792 1864 notae
807 1803 930 1864 Aeolica
950 1805 1009 1863 fuit
1030 1795 1318 1881 (ἆναδιπλασιασμὸν
1339 1802 1393 1864 vel
1407 1803 1505 1860 πλεο-

400 1897 514 1980 νασμόν
535 1897 585 1964 διαὶ
607 1898 639 1965 cd
663 1901 771 1984 μὲιρον
789 1906 973 1979 vocantibus,
996 1925 1072 1986 quaa
1088 1905 1262 1966 stultissima
1280 1904 1422 1964 ariolatio
1441 1904 1500 1961 ad·

399 2008 459 2066 huc
473 2008 604 2067 nondum
626 2009 715 2086 plane
737 2008 910 2086 obmutuit);
933 2009 1122 2069 Herodianus
1140 2027 1247 2085 nempe
1268 2008 1328 2067 tale
1344 2006 1496 2068 Aeolismi

400 2110 544 2170 indicium
566 2118 719 2173 aversatus
741 2117 787 2171 est
809 2113 851 2172 sio
869 2113 961 2171 verba
974 2112 1088 2171 taciens
1110 2131 1141 2170 ιι.
1159 2114 1234 2169 aad.
1254 2111 1297 2169 Π.
1313 2115 1391 2168 306ι
1414 2102 1495 2178 τινὲς

401 2207 435 2271 δὲ
455 2213 578 2284 conec
600 2206 633 2271 cd
657 2206 719 2272 iim
751 2209 803 2272 aci
832 2206 870 2272 rol
898 2207 1006 2288 λοιποὶ,
1038 2204 1180 2272 Αἰολικὸν
1210 2203 1492 2284 ἆναδιπλασιασμὸν

403 2307 534 2390 οἰόμενοι
549 2305 633 2373 εἶναι.
657 2308 706 2374 dul
721 2318 809 2374 τοῦτο
826 2311 858 2374 δὲ
879 2313 929 2374 καὶ
953 2309 1164 2392 ἇναπὲμπονσι
1182 2307 1253 2384 τούς
1273 2306 1389 2382 τόνους.
1413 2305 1489 2370 ἄλλα

403 2408 461 2473 οὐκ
483 2412 561 2474 ἔστιν
582 2407 826 2494 ἆὸιπλασιασμὸς
848 2414 896 2476 ἐπὶ
911 2415 1026 2477 τούτων
1040 2409 1191 2488 Aloanda,
1215 2407 1273 2474 ἀλλ’
1288 2413 1365 2485 ἴδιος
1385 2408 1488 2474 αὐτῶν

401 2517 461 2576 τῶν
484 2509 684 2596 οἷναφορικῶν.
715 2512 786 2597 παρ’
806 2516 947 2578 Αἰολεῦσι
970 2515 1002 2580 δὲ
1026 2521 1087 2578 τῶν
1108 2509 1297 2596 ἆμειαβόλων
1317 2516 1423 2597 γίνεται
1441 2549 1484 2562 -

403 2613 456 2680 ἒοῖν
477 2607 532 2680 οὖν
553 2617 653 2698 ἕτερον
668 2615 883 2696 διπλασιασμόν
904 2613 974 2699 παρ’
996 2615 1098 2691 αὐτοῖς
1116 2613 1213 2704 εὕρῃς,
1234 2622 1277 2702 τῷ
1294 2620 1383 2701 κοινῷ
1400 2612 1481 2697 ἐχρή-

402 2739 490 2784 σαντο
512 2719 562 2783 καὶ
585 2715 644 2784 oda
666 2721 749 2794 ἰδίως
772 2722 927 2801 ἐποίησαν·
957 2721 985 2783 εἰ
1004 2711 1059 2784 οὖν
1083 2725 1311 2801 παρακολουθεῖ
1331 2725 1391 2790 τοῖς
1410 2715 1479 2780 ἄνα-

402 2830 543 2904 φορικοῖς
563 2819 597 2886 vd
620 2819 872 2900 διπλασιάζεσθαι,
894 2819 999 2887 κοινὸν
1021 2824 1072 2886 καὶ
1094 2818 1130 2885 οὐ
1151 2825 1205 2901 τῆς
1226 2819 1375 2883 διαλέκτου
1395 2820 1477 2897 ἐστίν,

403 2921 470 2988 οἷον
484 2933 573 3010 ποῖος
588 2921 725 3002 denotor,
742 2922 837 3000 πόσος
852 2921 998 3003 ὁππόσος,
1012 2921 1085 2998 ὅσος
1097 2921 1195 2998 ὅσσος,
1211 2958 1254 2976 -ν
1266 2923 1358 2984 ἔσεται
1371 2922 1475 2985 ἔσσεται

403 3033 455 3109 (cf.
472 3033 557 3091 Eust.
574 3037 644 3106 655,
663 3038 717 3092 13:
739 3029 791 3091 καὶ
806 3027 903 3090 δὲκαὶ
919 3024 1074 3090 Σικελικόν
1088 3020 1164 3088 εἶναι
1179 3020 1212 3086 sd
1229 3025 1350 3100 ἔσσεται,
1370 3020 1403 3086 od
1418 3019 1473 3104 priv

404 3125 548 3191 Alolsuo'v
568 3130 730 3212 λέγουσιν),
761 3134 869 3192 similia
890 3133 1066 3208 ποιητικῶς,
1094 3123 1151 3189 οὐκ
1172 3127 1320 3200 Αἰολικῶς
1339 3131 1424 3203 diota,
1442 3151 1470 3190 v.

404 3256 434 3313 p.
453 3240 523 3294 304.
546 3254 578 3294 π.
599 3227 723 3314 ὀρθογρ.
745 3254 774 3311 p.
793 3231 895 3315 511)2,
918 3235 965 3294 oni
986 3233 1095 3292 iudicio
1117 3252 1179 3292 non
1198 3233 1284 3294 iuvat
1304 3233 1405 3312 aliquid
1423 3233 1469 3292 ad·

404 3337 522 3396 didisse.
554 3367 556 3374 ·

491 3439 523 3517 2)
545 3438 660 3514 Regula
675 3457 734 3518 qua
748 3437 931 3514 grammatici
946 3456 1088 3516 persaepe
1103 3436 1152 3514 (of.
1167 3439 1241 3498 Ahr.
1254 3439 1280 3497 Ι.
1298 3458 1326 3514 p.
1339 3437 1384 3515 67)
1397 3437 1466 3513 apud

405 3543 568 3604 Aeolensss
590 3562 629 3599 πι
655 3527 689 3600 in
715 3556 752 3599 σσ
778 3546 925 3602 mutatum
952 3560 1016 3600 esse
1041 3541 1164 3601 tradunt
1183 3539 1341 3600 Homerica
1364 3539 1464 3619 alioque

406 3645 543 3724 exempla
564 3649 758 3721 conparantes
774 3643 904 3704 Aeoliois
920 3662 995 3722 quae
1017 3648 1152 3702 tenemus
1172 3644 1331 3715 refutatum
1350 3643 1393 3701 sed
1410 3661 1463 3701 non

405 3747 593 3823 intellegitur
612 3747 692 3805 unde
710 3747 764 3806 illa
784 3748 918 3823 profecta
940 3747 987 3805 sit.
1030 3747 1117 3806 Nunc
1140 3750 1256 3806 constat
1276 3747 1361 3808 verba
1378 3740 1460 3804 πέσσω

406 3846 532 3927 ὅσσομαι
553 3842 689 3929 κορύσσω
719 3845 823 3910 ἒνίσσω
845 3851 883 3909 ad
911 3848 1110 3928 antiquiorem
1139 3850 1265 3908 formam
1286 3848 1376 3926 stirpis
1393 3848 1459 3906 ina

406 3953 543 4014 exeuntis
564 3953 675 4026 redire,
706 3953 785 4031 quod
805 3958 870 4012 tum
891 3973 945 4030 per
970 3951 1169 4011 labialismum
1190 3950 1242 4030 qui
1267 3951 1366 4010 dieitur
1383 3949 1458 4010 totius

405 4056 527 4131 linguae
559 4055 688 4116 Graecae
719 4056 872 4135 proprium
900 4056 934 4114 in
964 4073 986 4112 π
1016 4055 1260 4114 transfonnatum
1288 4058 1342 4126 est,
1372 4071 1457 4132 aqua

409 4157 501 4235 stirpe
516 4159 681 4218 recentiore
696 4158 880 4219 descendunt
895 4159 988 4220 verba
1003 4151 1106 4214 πέπκω
1126 4147 1208 4215 ὄπτα
1221 4149 1354 4232 nopsiaco
1369 4152 1455 4216 ἒνίπιο

304 4273 321 4290 ·
410 4261 447 4326 ef.
466 4261 547 4320 Ourt.
567 4265 605 4320 et.
622 4281 651 4338 p.
664 4266 734 4323 418.
754 4265 824 4320 425.
844 4265 914 4334 621,
936 4259 973 4320 de
994 4262 1084 4336 temp.
1107 4262 1138 4318 et
1157 4257 1233 4316 mod.
1256 4277 1284 4334 p.
1304 4257 1452 4331 los-107,
