3126 5256
692 703 751 766 111

266 857 417 917 Ameisius
435 879 464 934 p.
483 863 522 918 43
549 853 624 935 Θέμι
648 858 683 918 Ο.
701 863 751 918 93.
773 857 942 920 vocativum
966 859 1147 919 confidenter
1169 861 1269 921 Aeoli·

178 981 250 1020 cum
275 979 339 1020 esse
366 960 443 1020 sicut
467 953 611 1038 Zciapcra
637 955 832 1038 μελλιχόμειδε
857 963 943 1039 (Abr.
966 981 995 1038 p.
1021 965 1090 1030 116.
1119 963 1159 1021 ll.
1184 963 1268 1042 511.)

178 1063 328 1124 conclusit
349 1065 429 1143 quod
449 1073 510 1122 non
532 1082 586 1139 pro
609 1068 689 1123 certo
713 1064 848 1124 dixerim.

269 1165 320 1243 12)
343 1167 467 1225 Veteres
489 1165 573 1224 velut
587 1164 779 1226 Aristarchus
802 1187 880 1228 nom.
897 1161 1031 1243 ἐπιτηδὲς
1048 1186 1073 1225 0.
1091 1170 1140 1225 28.
1164 1170 1194 1224 01
1209 1186 1268 1226 acc.

180 1270 221 1326 A.
241 1273 299 1328 142
315 1269 363 1346 (01.
379 1266 469 1327 schol.
481 1267 511 1325 B.
525 1267 560 1326 L.
576 1263 710 1344 ἐπιτηδὲς
727 1261 880 1338 divertor·
897 1261 957 1329 α’πὸ
970 1270 1023 1328 τοῦ
1034 1265 1182 1344 {camisia
1198 1260 1268 1346 peip)

180 1377 365 1453 etquenam.
383 1363 560 1445 antipatris
584 1388 604 1427 ε.
623 1372 671 1430 27.
690 1371 793 1448 (schol.
809 1372 841 1429 B.
856 1371 892 1431 L.
916 1365 983 1430 ἀντὶ
995 1371 1051 1431 ’τοῦ
1068 1372 1269 1446 ceraptatis)

182 1480 215 1533 et
230 1493 289 1533 acc.
312 1473 353 1530 ΙΙ.
370 1476 440 1532 395.
460 1471 562 1548 (schol.
583 1473 621 1530 D.
636 1469 677 1542 εἰς
700 1465 737 1530 τᾶ
752 1464 847 1532 ὀπίσω
864 1465 1067 1546 πεπτωκότας)
1085 1470 1271 1548 agnovissent

105 1613 109 1628 »
182 1595 306 1655 eamque
324 1573 539 1650 correptionem
555 1594 594 1634 ex
605 1573 749 1634 Aeolismi
765 1575 807 1653 (v.
824 1576 933 1634 Buttm.
950 1574 1032 1634 lexil.
1046 1575 1070 1634 I.
1087 1593 1116 1650 p.
1128 1574 1268 1652 40-41)

181 1679 233 1737 vel
253 1677 383 1738 Dorismi
400 1677 441 1754 (v.
458 1677 552 1736 Lehrs
569 1696 617 1755 qu.
633 1696 680 1753 ep.
702 1697 731 1754 p.
756 1677 827 1753 141)
843 1676 877 1735 iu
899 1676 1074 1754 quibusdam
1097 1675 1269 1736 declinatio·

182 1779 230 1838 nis
246 1781 362 1840 casibus
381 1779 607 1838 :subtrahentis
625 1779 837 1864 consuetudine
855 1779 930 1838 male
951 1779 1167 1856 explicuerunt.
1211 1779 1269 1838 Sed

182 1902 260 1941 nunc
281 1881 423 1942 adverbia
446 1899 482 1939 ea
505 1900 568 1940 esse
586 1881 666 1941 inter
689 1901 789 1941 omnes
814 1887 936 1941 constat.
958 1915 1001 1927 -—
1022 1881 1125 1960 Neque
1150 1880 1269 1956 dignior

182 1989 228 2043 est
251 1984 304 2064 qui
322 1984 459 2043 audiatur
479 1981 562 2042 Euat.
586 2004 615 2060 p.
639 1985 714 2056 187,
746 1989 785 2043 28
812 1983 1033 2064 antiquissimas
1053 1983 1270 2061 monosyllabas

183 2086 291 2146 formas
307 2084 350 2145 dci
366 2089 419 2164 κρῖ
431 2105 485 2162 pro
503 2085 716 2146 recentioribus
734 2084 819 2162 δῶμα
836 2078 930 2165 κριθή
947 2087 1098 2146 Aeolicam
1117 2105 1269 2164 apocopen

183 2207 282 2262 passas
306 2207 369 2249 esse
394 2188 535 2248 ariolatus
560 2191 601 2264 (v.
624 2190 697 2248 Ahr.
715 2189 739 2246 Ι.
761 2209 790 2264 p.
811 2193 878 2246 108.
908 2189 1017 2248 Buttm.
1041 2188 1116 2262 gr.I
1137 2207 1165 2264 p.
1184 2188 1267 2264 212).

466 2374 492 2452 g.
518 2378 566 2434 14.
609 2374 661 2432 De
683 2373 985 2450 pronominibus.

266 2494 351 2554 Inter
374 2493 582 2570 pronominum
607 2493 716 2552 formas
740 2492 914 2552 Homericos
941 2512 1017 2573 quae
1041 2512 1120 2552 nuuc
1142 2494 1268 2570 legimus

184 2595 275 2658 solum
290 2595 597 2673 personaliaAeclica
613 2595 711 2674 specie
727 2595 837 2656 infecta
855 2599 925 2654 sunt
940 2593 978 2675 (S.
999 2601 1024 2656 1.
1043 2601 1071 2656 4.
1095 2595 1120 2675 §.
1137 2601 1165 2657 2.
1181 2598 1221 2657 II.
1242 2602 1267 2660 1.

186 2695 209 2774 S.
228 2699 256 2758 7.
278 2699 322 2758 II.
345 2699 408 2772 2.),
438 2701 517 2780 quod
542 2699 578 2758 de
602 2698 777 2776 possessivis
801 2704 836 2758 ut
859 2719 920 2758 non
938 2719 1059 2775 prorsus
1082 2699 1269 2777 inprobabile
1389 2725 1391 2730 ·

185 2817 245 2859 esse
268 2800 311 2860 ita
328 2821 387 2860 non
405 2821 491 2877 posse
508 2801 674 2860 confirmari
694 2802 752 2860 iam
773 2801 837 2860 dixi
861 2800 889 2878 ς.
911 2807 939 2874 9,
963 2808 993 2862 4.
1037 2801 1154 2862 Primae
1169 2823 1270 2880 perso-

185 2919 239 2962 nae
258 2902 336 2978 sing.
363 2903 487 2962 formam
506 2894 581 2979 ἐγών
605 2922 680 2980 quae
704 2903 855 2980 antiquior
875 2909 920 2960 cst
941 2923 1029 2980 quam
1051 2904 1134 2978 vulg.
1162 2899 1218 2982 syc
1238 2911 1270 2964 et

184 3001 214 3062 in
232 3005 358 3064 Aeolide
383 3009 413 3061 et
438 3003 471 3061 in
494 3001 605 3059 Doride
632 3001 880 3076 deprehendimus
904 3003 991 3076 (Ahr.
1010 3005 1038 3060 Ι.
1063 3022 1095 3076 p.
1127 3007 1198 3062 123.
1222 3005 1266 3066 11.

32 3139 33 3156 .
111 3121 112 3124 ’
183 3124 213 3180 p.
237 3108 329 3182 247),
358 3123 449 3182 quare
476 3122 540 3161 eam
565 3101 598 3159 in
627 3101 757 3160 carmina
776 3100 934 3159 Homerica
958 3121 996 3159 ex
1016 3109 1118 3162 vetere
1138 3104 1268 3162 Ionismo

182 3209 231 3267 vel
247 3206 410 3267 archaismo
434 3209 584 3279 receptam
603 3221 666 3261 esse
691 3219 834 3278 ponamus
853 3221 972 3260 neccsse
986 3207 1049 3278 (est,
1079 3203 1156 3264 sicut
1178 3205 1267 3264 ctiam

182 3305 303 3385 ἴμεθεν,
337 3305 420 3364 culus
447 3307 483 3364 de
508 3305 667 3364 Homerico
691 3324 748 3364 usu
773 3303 926 3382 Apollonii
949 3307 1041 3367 verba
1065 3308 1207 3386 quaedam
1232 3308 1266 3368 in

182 3413 259 3488 part.
284 3408 337 3468 alt.
361 3408 535 3468 adscribam.
581 3408 678 3468 Verbo
705 3406 795 3468 etiam
817 3408 975 3468 lectionem
998 3417 1088 3486 tango
1111 3432 1198 3492 quam
1213 3411 1268 3470 Di·

183 3515 287 3590 dymus
311 3512 348 3570 ad
381 3512 420 3574 Ψ.
436 3517 514 3572 244:
546 3503 658 3582 εἰςόκεν
687 3500 779 3581 αὐτός
809 3503 884 3591 tycia
907 3503 989 3572 ’Ἁϊδι
1016 3506 1176 3591 κεύθωμαι
1206 3535 1267 3575 scr-

182 3617 280 3676 vavit:
313 3611 346 3673 ἐν
375 3606 468 3698 dasp-
503 3607 594 3685 αὐτὸς
625 3610 679 3675 triv
709 3607 775 3674 ἀντὶ
803 3617 858 3675 τοῦ
889 3607 980 3686 αὐτός
1011 3610 1101 3696 ἐγών,
1135 3618 1188 3677 ubi
1218 3620 1263 3678 M.

182 3715 322 3777 Schmidt.
345 3737 377 3793 p.
399 3720 456 3777 175
484 3718 654 3779 adnotavit:
676 3718 794 3793 „recepi
812 3721 891 3797 quod
907 3718 1060 3795 praecedit
1075 3719 1261 3779 Aristonicus
1325 3725 1328 3738 '

183 3827 213 3878 et
227 3819 453 3895 perversitatem
471 3811 669 3878 Alexandrini
686 3821 836 3879 cuiusdam
852 3821 1034 3894 grammatici
1053 3821 1161 3896 sapit‘.
1207 3822 1265 3880 Sed

182 3922 243 3981 noli
265 3921 433 3982 Boeoticam
457 3921 580 3979 formam
604 3920 788 3996 pronominis
814 3921 861 3996 (in
886 3940 944 3998 qua
966 3921 1089 3998 spiritus
1111 3921 1266 3997 ambiguus

183 4029 242 4096 ast,
262 4025 390 4106 v.¹Ahr.
408 4023 435 4083 1.
462 4025 535 4080 207.
560 4022 642 4082 curt.
662 4028 700 4082 et.
719 4041 750 4098 p.
770 4021 843 4098 641)
861 4022 964 4098 utpote
983 4044 1000 4082 a
1017 4021 1119 4082 critico
1138 4023 1265 4101 quodam

182 4123 358 4185 inculcatam
382 4124 416 4183 in
438 4126 494 4183 hoc
515 4124 639 4182 frustulo
663 4124 837 4198 intellegere
856 4124 977 4202 quiade
1000 4124 1157 4200 participio
1180 4124 1265 4184 verbi

183 4218 242 4304 εἶμι
260 4227 383 4303 cogitari
401 4231 432 4287 et
454 4245 492 4285 ex
509 4219 590 4283 ’Ἄϊδι
611 4230 710 4301 potest
734 4216 794 4283 01πό
818 4226 921 4283 κοινοῦ
945 4227 1097 4285 subaudiri
1109 4219 1263 4302 ’Artiaca

182 4330 306 4390 fortasse
329 4330 429 4406 lapsus
452 4329 578 4388 alicuius
602 4332 647 4387 est
667 4327 715 4387 cui
740 4318 828 4396 αὐτὸς
850 4319 903 4384 triv
922 4327 1111 4386 coniunctum
1135 4329 1173 4387 A.
1194 4333 1263 4390 185.
1330 4337 1332 4363 ¹

186 4433 223 4492 X.
243 4438 311 4495 113.
330 4433 472 4510 (111642.
494 4431 527 4491 Ο.
548 4433 621 4507 457)
638 4429 672 4490 in
687 4430 827 4490 memoria
844 4429 990 4488 haeserat.
1015 4463 1056 4474 —
1077 4429 1266 4494 Luculentis-

133 4528 137 4536 ’
182 4533 288 4593 simum
311 4534 402 4610 igitur
425 4534 564 4595 Aeolicae
586 4533 706 4596 dialecti
729 4533 761 4592 in
786 4531 975 4593 Homericam
998 4533 1193 4595 elocutionem
1217 4537 1264 4596 in·
