3126 5256
816 435 858 499 86

293 591 369 648 duae
384 590 501 650 vooalee
514 610 591 670 quae
604 596 690 648 erent
705 589 855 649 seiunotee
869 595 1046 650 eoneurrant
1063 590 1095 650 iu
1110 607 1262 669 unumque
1273 607 1386 650 sonum

293 695 487 751 eoneotantur
500 692 549 752 vel
559 692 665 752 breves
679 690 909 766 amplifieatiene
925 699 1097 768 augeantur,
1118 709 1209 770 quare
1224 691 1296 752 satie
1308 709 1383 766 per-

293 790 428 868 spicuum
443 797 489 852 est
506 791 721 869 ineptissimam
735 792 990 867 grammaticorum
1007 793 1044 852 de
1060 793 1179 852 dionaei
1192 791 1241 852 vel
1253 791 1384 852 diaereei

294 892 547 970 diphthongorum
560 912 626 952 esse
643 893 823 970 opinionem.
867 895 997 954 Maxime
1014 893 1106 970 igitur
1121 894 1195 954 haee
1208 893 1240 952 in
1255 894 1383 955 Aeolide

294 995 404 1055 usitata
416 995 508 1054 fuisse
524 994 651 1054 traditur
666 996 746 1074 quod
765 1003 954 1074 praeseptum
971 996 1146 1056 oouiirmant
1166 996 1304 1072 exempla
1317 1011 1383 1055 ser·

293 1104 370 1156 voa.
414 1096 617 1158 liultaantam
633 1097 839 1176 antiquissimo
850 1105 983 1174 tempore
993 1096 1026 1154 in
1042 1097 1185 1173 stirpibus
1199 1098 1383 1156 exeuntibus

294 1197 455 1274 spirantem
473 1197 602 1276 aliquam
622 1197 802 1272 habuerant,
830 1201 867 1258 ad
890 1217 979 1277 quam
996 1197 1221 1260 terminationes
1243 1217 1261 1256 e
1283 1197 1382 1258 venali

170 1332 172 1344 ·
295 1297 474 1374 inopiosas
488 1298 672 1372 sdioiuotur3
695 1319 771 1380 quae
787 1321 852 1361 eum
865 1305 969 1376 postea
985 1300 1164 1372 evanuisset,
1186 1297 1286 1360 hiatus
1298 1303 1383 1361 erate

295 1405 341 1458 est
355 1399 434 1458 inter
451 1401 523 1459 duas
538 1399 664 1475 vocales,
687 1421 764 1482 quae
778 1419 937 1480 progressu
952 1401 1094 1477 temporis
1110 1401 1146 1460 ad
1161 1400 1244 1460 illum
1267 1401 1383 1461 oviam

296 1502 365 1559 dum
377 1501 610 1562 eontraetionem
622 1503 808 1581 sustinebant
819 1502 868 1578 (ef.
885 1493 1034 1578 Ἀτρεΐδας
1049 1521 1104 1579 pro
1121 1493 1294 1578 ’Atpffltdae
1309 1493 1384 1570 πάϊς

297 1621 352 1678 pro
368 1604 464 1672 audac
486 1603 567 1662 Ourt.
583 1623 610 1680 p.
624 1605 685 1662 870
704 1597 754 1674 ἐῢς
770 1623 824 1680 pro
842 1599 938 1672 ἒο-ος
953 1606 1033 1666 Ourt.
1051 1625 1078 1682 p.
1094 1610 1153 1666 851
1171 1595 1245 1688 Ιὁοὶϊς
1260 1621 1314 1680 pro
1328 1601 1384 1662 do·

297 1705 347 1772 Fsc
370 1705 450 1764 Ourt
473 1723 502 1781 p.
524 1706 583 1764 817
607 1706 685 1782 eto.).
737 1707 843 1782 Itaque
871 1704 1003 1782 syllabae
1027 1707 1059 1766 in
1082 1706 1193 1786 quibus
1216 1704 1382 1766 tonnano

297 1807 428 1864 nondum
446 1807 525 1884 faeta
542 1811 588 1866 est
610 1807 793 1886 antiquiores
811 1807 970 1868 eontraotie
987 1813 1058 1869 sunt
1083 1827 1181 1888 neque
1204 1805 1294 1867 ullius
1317 1806 1382 1866 oia·

295 1905 365 1966 lenti
394 1908 607 1984 proprietatem
633 1909 775 1968 redolent.
827 1905 925 1970 Quare
954 1927 1049 1986 paene
1073 1907 1210 1970 mirabile
1232 1914 1279 1987 est
1299 1909 1385 1971 diota

296 2009 375 2087 quod
388 2011 569 2069 reeentioree
579 2009 613 2068 in
624 2007 791 2067 Homerieie
800 2009 979 2072 carminibus
990 2011 1136 2072 diaeresin
1154 2003 1257 2087 ut'pote
1274 2008 1384 2084 ἰδίωμα

296 2107 436 2180 Αἰολίδος
452 2111 609 2171 admissam
623 2129 688 2168 esse
704 2110 893 2170 erediderunt
907 2112 1049 2174 Foeterus
1064 2133 1109 2190 ep.
1130 2111 1266 2188 Burgeee.
1281 2131 1310 2188 p.
1319 2115 1381 2169 888

297 2212 330 2270 Ε.
347 2213 382 2272 R.
398 2212 529 2289 Longius
543 2213 574 2271 in
591 2211 698 2270 Philol.
717 2211 768 2269 IV.
787 2231 815 2287 p.
829 2212 888 2270 707
913 2215 1069 2292 Bnmpdue
1083 2215 1116 2274 in
1132 2215 1218 2274 Iahn.
1236 2207 1305 2272 ann.
1322 2213 1382 2274 vel.

299 2317 348 2372 81.
363 2333 391 2390 p.
405 2319 475 2386 581,
493 2314 544 2393 qui
561 2313 594 2372 in
610 2304 682 2382 πάϊς
699 2318 729 2372 et
745 2305 795 2380 ἐΰς
812 2313 957 2374 diaeresin
974 2335 993 2374 a
1007 2317 1147 2376 Bekkero
1162 2317 1195 2374 in
1212 2315 1306 2374 altere
1321 2314 1382 2376 edi·

297 2414 378 2473 tione
396 2421 545 2491 pernetam
557 2420 681 2491 propter
696 2414 812 2494 reliqua
826 2416 990 2476 certissime
1006 2415 1148 2478 Aeoliemi
1165 2415 1292 2492 vestigia
1305 2435 1383 2476 eom·-

298 2517 437 2574 mendare
457 2536 517 2576 non
534 2517 696 2588 dubitavit,
728 2535 906 2597 quamquam
927 2519 1016 2579 etiam
1039 2519 1118 2594 apud
1139 2519 1257 2578 Ionieos
1281 2523 1383 2594 poetes

246 2653 248 2658 -
297 2598 509 2678 Archilochum
532 2619 664 2699 reliquos
689 2617 834 2692 elegiacos
859 2625 890 2678 et
915 2620 1143 2696 iambographoe
1172 2638 1208 2679 ea
1236 2618 1384 2696 reperitur

249 2771 253 2782 ,
298 2724 387 2797 atque
403 2725 467 2780 tota
483 2723 533 2779 Ias
548 2720 727 2797 syllabarum
745 2739 807 2778 non
829 2724 1044 2782 eontreotarum
1062 2741 1178 2798 semper
1200 2721 1260 2780 fuit
1283 2739 1382 2780 aman·

298 2820 424 2890 tissima;
445 2821 505 2880 iam
519 2820 738 2880 Alexandrinos
750 2819 896 2880 diaeresin
908 2823 979 2902 quia
993 2823 1144 2885 Aeolioam
1155 2823 1383 2896 existimassent,

301 2921 527 2997 diligentissime
557 2923 668 2998 fugisse
698 2923 853 2983 adnotavit
888 2925 1040 3002 Kayserus
1068 2925 1102 2984 in
1130 2925 1238 2985 Philol.
1265 2923 1382 2985 XVIII.

242 3049 243 3052 ¹
300 3043 327 3099 p.
342 3024 422 3096 788·
435 3043 524 3104 quam
539 3025 604 3101 ipse
620 3044 648 3100 p.
662 3029 830 3100 eno-663
844 3046 905 3087 non
917 3027 994 3086 bene
1005 3028 1182 3104 repudiavit
1226 3028 1302 3086 Nam
1318 3026 1383 3086 iure

300 3113 457 3186 Belikerue
469 3127 501 3184 in
518 3125 732 3202 patronymioie
742 3125 867 3206 aliisque
877 3129 1030 3189 voeabulie
1041 3148 1167 3206 quorum
1182 3127 1384 3205 diphthongus

301 3231 472 3288 constanter
491 3227 524 3284 in
542 3227 641 3286 thesin
664 3226 771 3287 incidit
789 3229 865 3300 duae
888 3231 1146 3306 monophthongas
1166 3230 1284 3290 vocales
1300 3245 1384 3306 prae·

300 3329 377 3388 tulit.
435 3334 476 3388 At
502 3329 539 3387 ad
571 3329 735 3409 antiquum·
756 3330 919 3411 Ionismum
943 3350 992 3390 res
1017 3331 1166 3408 relegetur
1196 3346 1317 3392 neeesse
1340 3335 1385 3395 est

300 3430 340 3508 (v.
365 3431 473 3506 Bergk.
499 3430 567 3490 hiet.
587 3429 643 3490 litt.
667 3449 695 3506 p.
716 3431 786 3491 870.
814 3452 843 3490 n.
867 3432 947 3508 188).
966 3465 1006 3476 -
1037 3433 1143 3513 Neque
1168 3433 1308 3494 Boeotios
1335 3437 1384 3494 aut

302 3533 425 3592 Aeolida
444 3532 565 3610 dialyeie
584 3549 671 3610 quam
689 3533 874 3607 grammatici
892 3534 990 3593 minue
1014 3535 1146 3596 wedrad
1163 3537 1200 3595 ad
1217 3553 1308 3596 voees
1322 3535 1384 3594 Ho-

302 3635 426 3694 merioas
453 3634 651 3694 admovebant
681 3634 800 3694 maioris
824 3641 869 3695 ast
898 3635 1003 3713 pretii;
1037 3637 1080 3698 sio
1104 3639 1187 3698 Euat.
1205 3657 1233 3714 p.
1248 3641 1319 3710 954,
1345 3641 1382 3695 53

301 3737 340 3813 (v.
360 3736 490 3795 Lobeok.
513 3735 592 3810 path.
613 3735 648 3794 el.
667 3737 706 3794 ΙΙ.
724 3755 754 3811 p.
768 3736 820 3813 78)
838 3743 869 3798 et
884 3738 975 3797 eohol.
997 3737 1032 3797 V.
1049 3740 1086 3798 ad
1104 3739 1143 3798 Ν.
1159 3743 1222 3798 585
1239 3759 1278 3798 ex
1286 3729 1385 3807 Ἴωνες

303 3838 474 3904 Βοιωτικοῖς
492 3827 600 3905 Ἰάονες
619 3836 861 3914 transfiguratum
883 3858 948 3898 esse
973 3841 1196 3901 somniaverunt
1213 3857 1313 3920 neque
1330 3839 1386 3899 alia

301 3941 337 3998 de
359 3958 446 3999 eausa
470 3931 569 4014 ῥοάων
588 3939 619 3997 Γ.
635 3943 660 3996 1.
685 3958 730 4016 ap.
757 3940 847 4000 eehol.
863 3942 895 4000 B.
915 3941 949 4000 V.
977 3937 1123 4011 Ruspinae
1139 3933 1159 4018 ἦ
1175 3935 1263 4017 φωνὴ
1284 3948 1315 4002 et
1339 3961 1383 4018 ap.

301 4042 393 4102 sehol.
410 4043 436 4102 li
452 4042 488 4100 ad
504 4039 529 4099 d.
545 4046 603 4100 555
620 4039 758 4119 Λαέρταο
771 4037 938 4122 Bagoam&
952 4045 1037 4104 audit
1050 4061 1104 4121 pro
1115 4045 1219 4105 Ionieo
1231 4039 1369 4123 Λαέρτεω
1374 4065 1383 4115 ,·

304 4143 389 4220 Greg.
418 4142 549 4204 Corinth.
576 4140 602 4222 §-
616 4149 643 4204 2.
669 4165 697 4222 p.
715 4145 775 4203 577
817 4146 967 4208 Aeoliam
999 4146 1145 4207 diaeresin
1167 4147 1204 4206 ad
1227 4145 1384 4206 Homerica

302 4235 466 4321 μελισσάων
483 4243 517 4302 Β.
532 4245 579 4304 87.
604 4238 789 4325 ἐρχομενάων
810 4247 844 4307 Β.
859 4254 908 4308 88.
931 4251 1064 4324 epeetare
1083 4247 1194 4319 voluit,
1223 4246 1276 4306 sed
1292 4247 1381 4308 eehol.
