3126 5256
822 722 884 786 120

311 870 477 953 τύψεμεν),
508 873 540 936 οἱ
565 873 597 936 δὲ
626 873 748 944 Αἰολεῖς
776 894 875 950 εμεναι
903 869 1019 954 λέγουσι
1048 875 1210 935 socorditer
1233 875 1398 952 ,adspersis

313 979 389 1038 alios
416 982 502 1038 notat
523 980 649 1038 Ahrens.
671 997 699 1054 p.
719 982 788 1036 133.
809 997 838 1036 u.
857 978 890 1048 73
920 981 966 1038 est
994 976 1108 1036 scilieet
1133 975 1187 1034 illa
1214 976 1247 1035 in
1266 975 1397 1036 'Aeolide

313 1081 407 1140 solum
430 1081 462 1138 in
485 1070 646 1154 ὄνθέμεναι
669 1070 855 1152 ἆπυὸόμεναι
877 1075 999 1154 ἔμμεναι
1020 1078 1105 1155 (Ahr.
1124 1097 1154 1153 p.
1169 1077 1251 1155 141).

399 1183 430 1260 6)
453 1181 528 1240 Dioo
550 1200 630 1240 nuno
652 1182 689 1239 de
704 1180 826 1240 Aeolios
845 1185 920 1256 part.
936 1181 1010 1255 perf.
1028 1183 1085 1239 aot.
1099 1179 1276 1238 formatione
1298 1197 1316 1236 a
1337 1197 1399 1238 ser·

312 1282 410 1341 monis
424 1282 557 1356 vulgaris
573 1301 654 1340 more
672 1282 790 1356 longius
807 1282 965 1340 recedente
986 1281 1019 1338 iu
1041 1300 1083 1338 οον
1100 1298 1185 1348 ονιος
1205 1280 1291 1353 foeta,
1314 1279 1398 1340 ouius

311 1383 461 1442 tritissima
487 1382 621 1442 etitulis
641 1386 777 1442 tenemus
806 1381 943 1457 exempla
964 1399 1040 1460 quae
1068 1381 1167 1440 omnia
1187 1381 1333 1456 adponam
1360 1399 1399 1440 ue

313 1483 460 1543 dubitatio
474 1484 569 1560 possit
583 1484 710 1543 exoriri:
731 1475 961 1558 πεπληρῶκοντα
980 1502 1004 1542 ο.
1021 1482 1042 1541 i.
1059 1481 1093 1540 G.
1108 1467 1137 1540 Is
1154 1503 1183 1540 n.
1197 1486 1289 1542 2189.
1312 1481 1399 1559 (Abs.

313 1603 342 1660 p.
358 1585 431 1662 148)
454 1578 706 1661 κατεληλύθοντος
727 1606 773 1661 ap.
792 1567 881 1644 (loun.
897 1585 930 1642 in
947 1583 1017 1642 ltin.
1040 1583 1126 1642 Lesb.
1145 1584 1204 1658 tab.
1220 1583 1304 1642 VIII.
1323 1587 1352 1656 2,
1369 1589 1398 1642 a.

313 1681 546 1747 ἒπιτετελέκοντιι
567 1689 626 1748 tab.
642 1688 743 1746 XVII.
765 1692 791 1760 l,
810 1692 837 1743 6.
861 1678 1022 1760 πεποήκων
1039 1704 1085 1762 ap.
1102 1685 1218 1745 Kaibel
1234 1684 1267 1746 in
1282 1683 1400 1762 Cyriaoi

314 1787 429 1864 sylloge
445 1789 518 1846 XX.
539 1793 565 1846 5.
588 1809 617 1864 p.
634 1794 668 1861 6,
693 1808 747 1865 pro
770 1806 829 1868 quo
851 1787 1040 1863 perlapsum
1061 1787 1347 1862 legiturrrsroproo
1368 1806 1398 1845 v.

312 1907 341 1962 p.
360 1889 408 1947 17.
453 1891 546 1948 Reate
568 1909 639 1964 ergo
661 1889 917 1964 grammaticorum
942 1888 1079 1964 exempla
1100 1880 1228 1962 εἰρήκαν
1250 1879 1400 1962 νενοήκοιν

312 1988 354 2065 (τ.
372 1989 458 2064 Greg.
475 1990 539 2048 Oor.
557 1990 593 2048 de
609 1993 637 2048 d.
647 1990 732 2049 Aeol.
750 1987 776 2066 §.
790 1994 839 2048 56.
853 2009 882 2065 p.
896 1994 966 2050 621.
981 1990 1067 2067 Ahr.)
1083 2008 1114 2048 se
1129 1989 1241 2051 habent
1254 1991 1287 2047 et
1300 1987 1401 2048 Aloai·

313 2106 380 2147 oum
402 2082 564 2168 πεφύγμοον
591 2110 645 2167 pro
672 2082 830 2169 πεφευγώς
857 2091 907 2168 (tr.
927 2089 998 2166 147)
1028 2092 1107 2169 quod
1127 2111 1199 2150 mox
1227 2110 1244 2149 a
1265 2090 1398 2166 perfeeto

313 2185 435 2269 rrs'cpvyu
454 2190 620 2251 Siculorum
642 2211 723 2252 more
746 2192 786 2270 (r.
804 2193 886 2253 Eust.
907 2197 997 2265 1596,
1017 2196 1051 2251 5;
1080 2187 1199 2250 Σικελοὶ
1228 2183 1285 2270 γὰρ
1312 2183 1347 2250 τὸ
1376 2195 1397 2250 οἶ

312 2292 367 2350 τοῦ
388 2289 613 2370 παρακειμένων
634 2328 677 2343 .-
699 2313 787 2373 quam
805 2294 945 2354 Ahrensii
960 2294 1002 2352 II.
1021 2313 1051 2369 p.
1069 2298 1139 2366 328,
1160 2297 1174 2351 1
1199 2292 1399 2353 coniecturam

312 2413 366 2469 pro
387 2395 496 2454 tradito
514 2391 741 2474 περισπωμένων
761 2395 900 2454 inmerito
922 2395 1069 2470 Bergkius
1090 2394 1225 2469 neglexit
1245 2427 1288 2438 -
1309 2390 1351 2462 εἰς
1372 2398 1399 2452 οἳ

261 2517 263 2522 ·
313 2491 533 2570 μετατιθέασιν,
554 2496 602 2557 vel
620 2517 665 2574 op.
681 2499 769 2557 Ahr.:
792 2489 918 2554 εἰώθασι
932 2487 988 2574 γοῖρ
1005 2491 1037 2552 οἱ
1049 2491 1260 2572 παρακείμενοι
1280 2489 1398 2572 τρέπειν

312 2587 346 2652 rii
369 2599 389 2652 oi
411 2593 453 2664 εἰς
475 2589 536 2673 eiii
557 2603 653 2656 ποιεῖν
668 2589 825 2657 ἐνεστῶτα·
847 2590 922 2655 πολι)
941 2590 974 2654 δὲ
995 2588 1029 2652 τὸ
1046 2596 1181 2655 τοιοῦτον
1199 2588 1302 2665 πάθος
1316 2588 1399 2673 πικροὶ

313 2695 547 2774 Συρακουσίοις)
572 2699 606 2759 in
629 2717 769 2775 praesens
791 2693 916 2775 πεφύγο
942 2697 992 2757 vel
1016 2689 1158 2774 πεφύγμιο
1186 2701 1299 2758 mutato
1321 2697 1399 2756 deri-

311 2801 400 2858 vatur
421 2817 491 2858 mox
513 2819 567 2876 pro
589 2791 732 2877 πεφογιδς
753 2789 829 2855 κατὰ
851 2789 1036 2871 πλεονασμόν
1050 2793 1184 2877 ἕτερον)
1205 2797 1343 2858 sibilante
1364 2799 1398 2858 in

311 2898 456 2978 liquidam
478 2920 620 2962 eonversa
635 2905 731 2960 ortum
753 2903 883 2977 putatur.
926 2899 1035 2958 Merito
1050 2903 1148 2958 autem
1171 2891 1331 2978 πεφύγμιον
1344 2900 1397 2960 ubi

313 2999 403 3077 stirps
417 2993 519 3062 'nasali
546 3009 632 3064 aucta
653 3009 712 3076 est,
741 3023 795 3080 pro
818 2994 974 3081 πεφευγώς
994 3001 1046 3060 ubi
1068 3000 1180 3060 vocalis
1207 3001 1396 3077 emplifioatio

311 3098 498 3180 perspicitur,
521 3105 592 3165 iusti
614 3105 739 3182 perfeoti
760 3104 824 3164 loeo
841 3104 959 3164 Curtius
981 3105 1030 3180 (de
1052 3107 1143 3178 temp.
1161 3105 1193 3162 et
1205 3103 1283 3164 mod.
1300 3122 1329 3178 p.
1347 3101 1396 3160 57.

317 3209 385 3264 188.
403 3208 477 3285 227)
499 3207 623 3284 agnovit
636 3211 726 3286 atque
741 3207 881 3282 adversus
895 3203 1061 3262 Hiruelium
1079 3205 1115 3262 de
1131 3202 1198 3263 dial.
1213 3204 1299 3263 Aeol.
1313 3224 1342 3281 p.
1356 3208 1395 3262 56

311 3308 477 3382 praesentis
498 3327 561 3366 esse
583 3308 772 3383 participium
793 3309 994 3365 autumeutem
1019 3308 1051 3363 et
1071 3309 1166 3364 totum
1190 3305 1396 3384 geuusbfalsae

310 3405 463 3479 analogiae
474 3406 655 3485 reliquorum
670 3407 892 3482 participiorum
903 3405 1082 3464 tribuentem
1093 3405 1240 3480 Bergkius
1249 3405 1396 3476 detendit3

312 3524 373 3563 uon
388 3505 486 3564 minus
500 3505 657 3566 Pindariee
670 3499 862 3581 κεχλάδοντας
877 3508 908 3564 et
922 3503 1120 3582 πεφρίκοντας
1137 3506 1238 3584 (Pytln
1253 3508 1307 3568 IV.
1325 3506 1394 3566 173.

315 3604 388 3678 163)
410 3599 511 3664 solum·
527 3624 566 3663 ex
587 3606 709 3664 Aeolion
730 3607 854 3668 dlaleoto
878 3612 1004 3682 possunt
1024 3607 1156 3681 perfeeto
1176 3608 1330 3685 explanari
1352 3607 1365 3684 (
1387 3654 1393 3669 .

310 3707 439 3766 ¹Abrens.
453 3707 496 3766 H.
513 3728 542 3784 p.
555 3711 625 3768 331.
647 3707 755 3782 Bergk.
773 3707 957 3782 Savelsberg.
974 3708 1010 3766 de
1024 3707 1082 3782 dig.
1098 3727 1127 3784 p.
1142 3714 1191 3770 36.
1206 3709 1302 3788 alios).
1335 3710 1394 3770 Sed

311 3827 370 3888 quo
392 3809 480 3868 modo
501 3809 617 3870 Aeolioi
637 3808 781 3869 infinitivi
807 3809 881 3885 perf.
904 3801 1052 3885 vitreium
1073 3803 1313 3888 ἐπιτεθεοορήιιην
1341 3811 1394 3889 (af.

308 3903 441 3988 reptatur
463 3930 517 3987 pro
539 3901 740 3989 προστᾶμεναι
762 3911 795 3968 iu
816 3910 861 3969 tit.
884 3911 1030 3993 Eryth.ul.
1045 3916 1094 3971 35.
1111 3912 1163 3987 43)
1186 3912 1238 3991 qui
1253 3917 1393 3973 areentur

308 4013 430 4074 retracti
450 4013 482 4072 vi
504 4021 550 4070 “-αι
570 4013 743 4072 abiecerunt
762 4011 882 4070 formati
903 4012 977 4085 sint,
1004 4016 1108 4086 utrum¹
1124 4019 1248 4089 propter
1267 4014 1393 4074 aliorum

307 4114 524 4174 infinitivorum
546 4113 712 4190 analogiam
734 4113 782 4189 (ef.
800 4104 893 4186 κάκην
909 4106 1043 4191 γενήθην
1064 4107 1236 4191 μεθύσθην)
1259 4115 1392 4177 vooalem

308 4214 512 4290 produxerint,
534 4215 565 4274 id
587 4216 666 4294 quod
681 4213 794 4274 Hirrel.
811 4234 840 4291 p.
854 4216 892 4273 27
916 4217 1031 4292 probat,
1052 4235 1090 4274 au
1105 4215 1164 4274 alia
1180 4216 1216 4273 de
1232 4235 1327 4289 eausa,
1348 4247 1392 4264 -

308 4334 376 4374 nam
403 4317 545 4376 Ahreusii
573 4318 609 4375 de
637 4317 830 4393 productione
856 4317 1082 4395 compensatoria
1107 4337 1136 4393 p.
1152 4322 1201 4376 89.
1223 4320 1281 4376 148
1311 4318 1393 4392 eogi-

307 4419 399 4477 tantis
421 4419 523 4495 opinio
544 4437 606 4478 non
626 4419 779 4494 probanda
800 4426 845 4479 est
864 4453 906 4470 .-
933 4419 1019 4480 mitto
1041 4437 1196 4499 quaerere3
1226 4417 1329 4476 eontra
1354 4419 1392 4480 de

306 4518 470 4595 participiis
492 4539 567 4602 quae
588 4538 686 4600 nequo
707 4540 774 4586 oum
788 4521 914 4586 Plehnio
935 4521 969 4584 in
983 4520 1116 4582 Lesbiae.
1134 4518 1200 4578 libr.
1224 4536 1252 4596 p.
1270 4520 1329 4576 130
1352 4521 1389 4582 ab
