3424 5386
926 391 969 454 34

407 552 551 630 praebere
584 539 727 617 καυάξαις
761 539 866 604 εὔαδεν
897 537 994 606 abaco
1026 537 1201 624 ταλαύρινος
1231 546 1399 606 conferens
1443 547 1559 606 scite

408 650 570 732 perspexit.
615 649 651 710 cf.
669 647 801 708 Savelsb.
820 667 849 725 p.
867 649 914 706 16.
965 647 1061 726 Supra
1087 648 1145 708 iam
1173 649 1210 707 de
1238 651 1367 708 accentu
1401 650 1549 707 monui

406 753 445 834 (S.
464 759 490 814 1.
508 753 540 831 6)
569 755 659 831 atque
685 749 802 829 reliqua
826 749 969 810 Aeolismi
997 749 1108 810 indicia
1132 749 1211 810 infra
1239 747 1340 828 (§.18.
1361 749 1429 828 11)
1467 769 1543 810 ex-

405 858 541 936 planabo.

489 958 547 1018 His
570 954 757 1032 perlustratis
774 959 868 1014 restat
888 957 923 1014 ut
944 955 981 1014 de
996 953 1120 1014 vocibus
1138 954 1286 1027 disseram,
1311 972 1394 1032 quae
1413 953 1531 1014 etiam

403 1065 474 1121 aute
494 1058 568 1118 alias
591 1074 735 1116 consonas
757 1056 904 1132 digamma
929 1057 964 1114 in
984 1075 1004 1114 υ
1026 1055 1150 1116 solvisse
1178 1056 1324 1116 dicuntur.
1369 1057 1464 1116 Nam
1495 1055 1529 1116 si

403 1159 602 1239 grammaticis
623 1158 852 1236 probatissimis,
878 1162 914 1218 ut
934 1157 1121 1232 Herodiano,
1155 1159 1234 1236 quod
1255 1177 1310 1235 par
1331 1162 1381 1218 est
1414 1177 1524 1218 aures

401 1264 585 1343 praebemus,
602 1260 698 1322 solum
715 1263 784 1320 ante
798 1280 815 1337 ρ
830 1260 905 1320 illud
918 1260 1031 1320 factum
1045 1266 1104 1320 est:
1126 1260 1163 1319 of.
1181 1279 1212 1318 π.
1227 1263 1302 1319 παθ.
1317 1261 1359 1320 Π.
1379 1280 1414 1338 p.
1430 1259 1519 1318 271.

401 1387 433 1426 π.
458 1363 573 1436 συνεαξ.
597 1364 658 1424 τῶν
682 1361 832 1438 στοιχείων
853 1382 882 1438 p.
899 1366 969 1435 401,
990 1365 1029 1422 25
1052 1362 1092 1440 (v.
1111 1361 1207 1422 Schol.
1228 1363 1265 1422 ad
1279 1362 1370 1422 Dion.
1392 1361 1516 1422 Thrae.

401 1471 434 1529 in
454 1469 550 1528 Beklr.
573 1470 631 1526 Aa.
650 1465 691 1524 Il.
712 1464 803 1542 684);
835 1457 980 1524 εἰώθασιν
1007 1460 1039 1523 οἱ
1057 1461 1176 1532 Αἰολεῖς
1196 1465 1394 1542 προστιθέναι
1421 1454 1461 1522 'cd
1489 1467 1516 1521 ῦ

396 1549 574 1646 Αφωνήεντος
597 1561 825 1644 ἐπιφερομένου,
842 1599 884 1610 --
906 1558 1072 1641 συμφώνου
1096 1561 1128 1624 δέ
1147 1561 1368 1642 ἐπιφερομένου
1393 1557 1510 1626 οὐδέ-

394 1691 488 1750 Ιποτε
505 1663 715 1747 προςιιθέασιν
731 1671 750 1724 d
767 1663 938 1736 ολΑἰολεῖς·
960 1659 994 1728 ιδ
1008 1659 1064 1747 γοὶρ
1081 1661 1169 1737 νόσος
1183 1669 1301 1740 νοῦσος,
1318 1659 1507 1742 μαλ’Όλυμ-

402 1793 462 1843 πος
480 1764 642 1846 Οὔλυμπος
656 1761 836 1844 ποιητικά
855 1765 927 1828 εἰσι
942 1765 991 1828 καλ
1009 1761 1066 1829 οὖν
1081 1764 1251 1830 Αἰολιιιά.
1273 1771 1328 1830 τοῦ
1344 1765 1378 1828 δὲ
1395 1776 1416 1849 ρ’
1434 1766 1505 1828 ἐπι·

402 1871 570 1956 φερομένου
584 1861 761 1941 πολλάκις
775 1867 968 1950 προςτιθὲασι
985 1864 1019 1931 εδ
1036 1876 1056 1930 d
1071 1870 1102 1932 ολ
1110 1870 1230 1942 Αἰολεῖς
1246 1863 1312 1932 οἷον
1327 1863 1499 1950 αὕρηιισσς·

401 1970 552 2060 ἅρρηκιος
578 1967 650 2054 μοὶρ·
680 1973 771 2051 δῆλον
797 1960 853 2033 οὖν
879 1967 926 2033 ὅτι
953 1970 1109 2051 φωνῆἔν
1136 1971 1212 2034 ἔστι
1238 1971 1302 2036 παλ
1329 1965 1372 2034 οὕ
1400 1966 1496 2050 σύμ-

402 2100 531 2155 φωνον
553 2069 593 2138 τὸ
616 2081 652 2154 ρ,
683 2079 761 2156 quod
782 2077 945 2137 rectissime
970 2077 1135 2154 disputavit
1155 2076 1380 2156 Ahreusiusque
1401 2078 1428 2136 I.
1453 2077 1493 2135 37

402 2182 557 2258 probavit.
583 2178 641 2238 Sed
655 2161 716 2238 noir
726 2178 797 2238 huic
808 2178 954 2238 Christius
968 2199 996 2256 p.
1012 2184 1070 2239 192
1087 2179 1191 2240 debuit
1203 2179 1352 2255 praeferre
1363 2179 1493 2238 auotori-

289 2291 291 2295 ’
401 2289 494 2342 tatem
516 2281 698 2354 Heraclidis,
726 2281 838 2340 incauti
859 2300 930 2340 saue
953 2280 1135 2355 grammatici
1161 2284 1192 2340 et
1212 2282 1250 2340 ad
1270 2281 1399 2358 ineptias
1421 2301 1491 2358 pro-

402 2383 496 2457 clivis,
519 2384 570 2463 qui
585 2383 708 2442 tradidit
728 2401 774 2458 ap.
790 2383 873 2442 Eust.
895 2403 924 2458 p.
941 2387 1019 2442 391:
1040 2379 1159 2451 Αἰολεῖς
1180 2381 1221 2464 τῷ
1243 2385 1263 2440 ἄ
1282 2379 1491 2460 προςιιθένιες

400 2477 434 2544 τιν’
450 2489 486 2558 d,
510 2479 552 2553 οἷς
564 2500 657 2560 φησιν
670 2476 857 2562 Ἀρίσταρχος
871 2479 1048 2558 παρατιθεὶς
1062 2476 1096 2542 τό
1112 2475 1186 2563 ἇεᾶρ
1202 2477 1297 2562 αὖτοὶρ
1313 2482 1363 2562 (cf.
1378 2486 1485 2546 Christ.

400 2607 429 2666 p.
447 2588 522 2666 264)
545 2578 633 2656 δαλὸς
655 2579 764 2656 δαυλός
790 2583 870 2662 ἴαχεν
892 2583 1004 2663 ἰάυχεν,
1033 2581 1167 2666 λέγουσιν
1195 2579 1273 2646 οὕτω
1300 2583 1352 2648 καὶ
1379 2581 1484 2662 φάσκω

400 2684 528 2766 φαύσιια
551 2685 603 2750 ναὶ
630 2680 702 2765 μετὰ
724 2691 778 2750 τοῦ
798 2707 815 2762 ρ
838 2682 1000 2766 oportuno,
1023 2689 1060 2749 oi.
1076 2690 1149 2748 Abr.
1166 2690 1191 2747 I.
1208 2689 1257 2748 37.
1280 2694 1381 2762 n.13;
1408 2710 1483 2770 quae

401 2814 473 2854 num
500 2793 665 2853 Aristarchi
695 2793 843 2854 sententia
870 2793 962 2854 buerit
988 2792 1074 2853 valde
1103 2791 1215 2852 dubito.
1264 2791 1361 2866 Vulgo
1387 2797 1481 2854 autem

400 2897 459 2956 huc
480 2896 650 2956 referuntur
670 2899 758 2958 haee:
779 2935 781 2940 ·
1024 2890 1026 2894 ’

486 2997 544 3058 111.
592 2999 621 3075 1)
644 2990 752 3076 εὔληρα
780 2999 818 3058 Ψ.
836 3002 907 3057 481.
930 2997 1010 3074 quod
1024 2996 1194 3073 Hesychius
1211 2995 1253 3056 eie
1271 2997 1474 3073 interpretatus

402 3101 462 3156 est:
484 3089 610 3171 ἱμάντες.
633 3089 717 3173 rivio,
744 3095 857 3176 λέγεται
877 3091 959 3175 παραὶ
981 3089 1015 3155 sd
1038 3093 1181 3155 allalatus
1201 3100 1266 3166 ταῖς
1288 3097 1382 3178 χερσίν
1400 3099 1473 3177 (Sav.

400 3219 430 3276 p.
450 3199 517 3276 14);
545 3198 601 3258 hoc
629 3204 728 3260 autem
754 3199 890 3259 Ionicum
918 3197 1019 3256 audire
1041 3199 1159 3259 curtim
1182 3219 1211 3276 p.
1229 3204 1289 3259 516
1316 3203 1472 3273 adseverat;

401 3300 572 3360 scholiastes
588 3320 659 3360 vero
681 3303 744 3360 cod.
761 3301 795 3359 Β.
817 3305 937 3377 praeter
954 3291 1060 3377 εὔληρα
1078 3297 1179 3379 εἷ’λιρρα
1193 3303 1301 3364 adtulit
1315 3306 1390 3384 quod
1401 3306 1471 3365 veri·

398 3402 495 3482 loquii
506 3420 594 3464 causa
604 3401 706 3463 fiotum
716 3403 843 3463 videtur.
868 3393 994 3481 Αὔλιρρα
1004 3423 1093 3479 porro
1103 3404 1298 3481 Epicharmus
1308 3406 1468 3467 adhibuerat

400 3505 486 3584 (Ahr.
501 3505 542 3565 H.
565 3506 633 3582 50),
663 3506 743 3564 unde
764 3506 861 3566 elucet
887 3505 1020 3565 vocalem
1043 3526 1062 3562 α
1083 3507 1133 3566 vel
1155 3525 1168 3564 ε
1189 3508 1383 3583 protheticam
1401 3529 1465 3582 esse,

399 3611 469 3684 post
489 3627 578 3687 quam
601 3607 747 3682 digamma
773 3607 806 3666 in
833 3629 852 3666 υ
880 3607 1009 3669 solutum
1036 3627 1101 3668 esse
1122 3609 1280 3670 adfirmant
1300 3610 1466 3686 Savelsberg.
1506 3670 1509 3675 ,
1582 3643 1583 3650 ε

400 3731 429 3788 p.
450 3715 496 3770 16.
519 3709 637 3770 Curtius
658 3729 687 3786 p.
708 3714 777 3769 531.
807 3710 937 3771 Leskien
955 3710 975 3770 l.
992 3710 1011 3771 l.
1030 3731 1059 3789 p.
1074 3717 1124 3770 40.
1168 3711 1227 3771 Sed
1247 3731 1314 3772 oum
1335 3713 1411 3774 radix
1430 3715 1464 3774 sit

399 3813 473 3870 Fa-
500 3811 549 3890 (cf.
569 3832 598 3888 p.
618 3814 686 3870 516.
705 3818 775 3872 334.
797 3815 833 3872 de
854 3814 935 3874 verb.
953 3834 981 3890 p.
999 3818 1086 3894 834),
1114 3814 1240 3874 fortasse
1262 3834 1279 3873 a
1300 3816 1389 3875 forma
1407 3811 1462 3876 la-

399 3915 490 3992 ληρον
505 3914 749 3990 proficiscendum
771 3921 824 3990 est,
846 3920 881 3976 ut
897 3938 917 3975 υ
935 3936 975 3976 ex
988 3918 1027 3976 Fa
1050 3920 1231 3978 conuectum
1246 3923 1377 3994 putatum
1395 3919 1462 3979 siui-

400 4015 469 4076 liter
496 4018 596 4075 autem
615 4015 734 4078 videtur
762 4004 854 4090 αὖλαξ
881 4019 931 4098 (ad
959 4019 1082 4096 stirpem
1102 4019 1369 4097 Falso-pertinens,
1394 4022 1459 4084 curt.
1582 4007 1583 4036 *

400 4137 429 4195 p.
451 4122 518 4179 131.
539 4123 608 4178 525.
625 4123 694 4179 538.
714 4125 782 4182 581.
819 4121 949 4182 Leskian
967 4141 996 4199 p.
1016 4125 1063 4180 15.
1081 4122 1133 4200 36)
1155 4141 1217 4181 uon
1238 4141 1277 4180 ex
1297 4113 1398 4197 daras,
1416 4125 1459 4186 sed
