3126 5256
849 761 910 826 146

335 923 454 995 integra
471 917 652 996 praepositio
668 917 816 976 artissime
838 935 905 977 cnm
920 935 993 980 voce
1012 917 1123 976 coaluit
1137 917 1187 995 (cf.
1205 911 1347 993 σύστημα,
1371 919 1422 977 sed

335 1019 498 1090 ἔνσπονδος
517 1021 549 1079 in
571 1019 800 1096 praepositionis
821 1020 904 1079 notio
923 1019 1100 1097 praepollet)
1128 1020 1291 1100 reiecerat,
1321 1022 1422 1080 Amei-

336 1124 397 1184 eius
419 1144 448 1201 p.
466 1120 538 1204 4⁸l9
567 1141 603 1181 ex
624 1121 697 1180 Hes.
726 1121 839 1196 glossae
866 1141 937 1182 vere
958 1121 1096 1181 Aeolicus
1125 1112 1265 1180 άσκάτττω
1293 1114 1424 1182 dornone
1487 1175 1489 1180 ,

335 1218 480 1292 dordone
510 1224 558 1283 in'
578 1223 819 1302 conparationem
852 1225 999 1284 advocans
1032 1223 1215 1283 Aeolismum
1248 1223 1424 1284 delitescere

335 1327 521 1388 confidenter
550 1325 689 1404 protulit,
719 1327 755 1384 de
783 1327 948 1384 mutatione
973 1325 1085 1386 vocalis
1108 1326 1144 1383 de
1174 1343 1233 1405 qua
1261 1325 1360 1385 neseio
1382 1345 1421 1384 an

334 1427 522 1489 Aristonicus
550 1427 727 1501 cogitaverit
754 1425 889 1501 neglecta
917 1445 1021 1505 parum
1052 1423 1206 1486 sollicitus.
1258 1427 1315 1486 Sed
1343 1429 1422 1486 hanc

333 1531 481 1590 rationem
502 1549 521 1586 κ
543 1535 612 1587 ante
634 1544 668 1585 στ
689 1544 725 1586 σκ
747 1544 789 1586 ora
818 1529 943 1588 eiciendi
972 1547 1032 1586 non
1055 1526 1251 1587 Aeolensibus
1277 1528 1348 1588 solis
1368 1549 1421 1606 pe·

331 1632 475 1691 eoliarem
495 1630 587 1689 fuisse
609 1631 717 1689 docent
744 1635 774 1689 et
796 1650 855 1692 vox
876 1630 1025 1689 Laconica
1046 1619 1148 1702 άττᾳττ
1170 1649 1225 1707 pro
1247 1619 1358 1688 άσταθι
1376 1655 1420 1680 π

333 1726 480 1802 decrerit,
511 1731 544 1790 in
567 1749 626 1811 qua
647 1733 813 1791 Ahrensius
831 1733 872 1792 II.
895 1753 924 1810 p.
943 1737 1004 1790 366
1033 1750 1173 1809 perverse
1195 1731 1317 1791 Aeoliae
1339 1751 1420 1790 more

333 1835 467 1894 naualem
491 1832 631 1892 extritam
655 1852 720 1892 ease
742 1833 827 1906 dixit,
850 1839 880 1892 et
902 1833 1005 1892 Attica
1026 1833 1174 1910 scriptura
1196 1826 1300 1915 ἐστήλῃ
1317 1823 1420 1892 aila·

331 1929 424 2018 στήλῃ
452 1935 492 2012 (τ.
516 1934 562 1993 tit.
588 1953 613 1994 o.
636 1935 656 1993 i.
679 1935 713 1994 G.
737 1935 761 1993 Ι.
788 1935 836 1995 87.
866 1935 887 1994 1.
914 1940 967 2007 14,
997 1934 1076 1994 aies.
1100 1955 1129 2012 p.
1146 1941 1197 1994 aa.
1218 1939 1267 1994 95.
1288 1935 1362 2012 aar)
1390 1941 1421 1994 ea

333 2037 512 2096 Homericae
537 2037 650 2094 formae
680 2027 821 2111 άάσχετος
851 2056 905 2112 pro
939 2028 1097 2111 άάνσχττος
1129 2036 1169 2112 (v.
1196 2036 1288 2094 Belrlr.
1319 2037 1417 2094 achad.

333 2141 422 2198 Hom.
437 2139 461 2196 I.
479 2157 508 2214 p.
524 2136 596 2213 168)
612 2141 642 2196 et
657 2133 757 2194 ἔσπετε
772 2155 826 2212 pro
842 2133 961 2195 ἴνσκετε
977 2137 1053 2196 sieut
1067 2138 1233 2196 Ahrensius
1247 2137 1280 2194 in
1295 2155 1417 2210 gramm.

333 2261 363 2319 p.
380 2245 439 2300 115
462 2243 544 2300 recte
566 2237 711 2316 explicuit
733 2237 794 2315 (alii
811 2233 911 2296 ἕσπετε
933 2257 988 2315 pro
1009 2241 1135 2311 σέσπττε,
1158 2245 1192 2298 ut
1209 2240 1244 2297 L.
1260 2239 1366 2316 Meyer
1383 2240 1419 2298 in

332 2344 433 2402 Kuhn.
453 2361 522 2400 ann.
538 2340 590 2400 VI.
613 2361 641 2418 p.
662 2345 721 2398 164
743 2339 919 2412 maluerunt,
945 2341 1091 2400 curiatius
1114 2360 1142 2417 p.
1159 2345 1219 2398 222
1242 2341 1274 2397 id
1294 2341 1418 2400 inchoa·

333 2446 430 2506 aivum
444 2471 488 2494 =
503 2439 621 2500 ἔκσκεττ
650 2461 714 2500 esse
740 2440 836 2500 voluit
859 2442 936 2520 quod
958 2460 1079 2517 prorsus
1101 2461 1162 2500 non
1182 2440 1350 2520 intellego);
1379 2461 1418 2502 ne

332 2547 383 2606 hic
406 2545 525 2624 quidem
546 2542 696 2602 Ameisius
717 2542 899 2601 Aeolismnm
922 2543 994 2602 satis
1016 2543 1156 2602 defendit.
1200 2543 1304 2602 Potuit
1328 2543 1418 2602 etiam

333 2646 563 2726 praepositionis
585 2637 659 2702 κατά
682 2644 831 2704 duriorem
859 2643 1010 2722 apocopen
1032 2651 1155 2722 propter·
1177 2645 1287 2704 Aleaic.
1310 2638 1419 2704 καστά·
1442 2689 1448 2695 .
1556 2686 1559 2713 ι

332 2752 400 2816 θετς
421 2753 452 2806 et
473 2739 610 2823 Sapphie.
633 2740 786 2802 κασττολέω
809 2749 839 2802 et
858 2746 980 2807 Hesiad.
1003 2740 1147 2816 καυάξαις
1174 2747 1208 2804 in
1228 2746 1339 2814 formis
1354 2747 1418 2805 H'o-

333 2849 451 2909 mericis
480 2839 607 2922 κάσχεθε
636 2849 675 2902 Λ.
697 2846 767 2905 702.
795 2847 981 2925 καστορνῦσα
1010 2868 1036 2923 p.
1059 2852 1108 2906 32.
1140 2840 1267 2906 κάκτανε
1291 2847 1325 2904 Ζ.
1347 2851 1418 2906 164.

334 2953 374 3011 Η.
396 2957 446 3009 90.
477 2947 597 3025 (const.
620 2967 649 3024 p.
670 2947 722 3024 ta)
753 2948 905 3008 Aeolicam
932 2967 1120 3026 nuncupare,
1151 2949 1229 3028 qnod
1250 2947 1418 3008 Absensius

332 3051 409 3113 male
430 3053 463 3111 in
477 3051 635 3112 Laconicis
657 3050 762 3124 glossis
785 3044 921 3126 κάβλημα
942 3031 1053 3126 adduct
1068 3051 1154 3110 Pind.
1177 3042 1306 3108 κάπετον
1319 3050 1414 3110 Alam.

332 3153 484 3232 καβαίνων
513 3153 579 3212 aliis
612 3151 703 3228 (Gies.
730 3174 759 3230 p.
778 3153 853 3229 254)
887 3153 1004 3224 statuit3
1037 3153 1174 3231 equidem
1202 3153 1337 3228 prolecto
1356 3169 1416 3214 ,aas

332 3259 383 3338 qui
414 3258 451 3316 ob
485 3255 646 3314 emollitam
674 3254 948 3332 pronuntiationem
976 3253 1160 3313 Aeolismum
1190 3253 1415 3314 somniaverunt

330 3379 392 3418 non
413 3359 540 3432 probare
560 3375 688 3432 possum.
731 3357 846 3432 Nempe
867 3375 928 3414 non
955 3355 1147 3416 dialectorum
1174 3355 1314 3414 cancellis
1341 3356 1416 3414 haec

329 3459 512 3518 consuetudo
530 3456 809 3516 'circumscribendo
831 3461 889 3530 est,
919 3458 969 3516 sed
992 3457 1140 3516 communi
1162 3457 1330 3534 euphoniae
1349 3456 1416 3530 lege

329 3558 439 3618 nititur
460 3575 535 3635 quae
557 3556 679 3614 minime
699 3557 730 3614 in
753 3558 902 3632 scriptura
922 3558 1046 3634 adparet
1071 3559 1283 3635 utplurimum
1304 3557 1414 3630 valuit3

330 3665 411 3720 recte
433 3657 523 3716 etiarn
538 3658 628 3715 Peter
648 3658 684 3715 de
707 3657 775 3716 dial.
791 3659 877 3717 Pind.
898 3679 928 3736 p.
944 3660 982 3717 67
1006 3659 1039 3718 in
1054 3659 1141 3718 Pind.
1164 3654 1288 3734 dpereat
1302 3660 1414 3736 eupho-

328 3762 397 3822 niae
413 3779 501 3820 oausa
515 3758 647 3818 naualem
662 3759 785 3817 eiectam
800 3779 864 3818 esse
878 3759 964 3822 vidit.
996 3759 1062 3824 Qua
1076 3761 1109 3819 in
1121 3762 1295 3840 quaestione
1311 3766 1414 3820 contra

328 3862 452 3924 Ameiaii
468 3861 645 3921 sententiam
667 3861 767 3920 nescio
784 3861 855 3939 quid
878 3861 1007 3939 optatius
1021 3861 1155 3922 accidere
1177 3864 1310 3941 potnerit
1325 3881 1412 3944 qnam

207 4042 210 4048 Ι
329 3967 406 4045 quod
427 3983 521 4024 unum
535 3963 735 4022 firmissimum
751 3964 918 4042 exemplum
939 3965 1026 4024 titulo
1042 3964 1164 4024 Aeolioo
1183 3965 1280 4042 primo
1296 3963 1411 4024 saecule

327 4086 356 4142 p.
377 4067 408 4126 G.
425 4087 455 4125 n.
479 4070 600 4125 exarato
624 4065 706 4124 cuius
728 4065 890 4137 „dialectos
913 4067 1024 4128 severis
1045 4067 1161 4142 legibus
1182 4069 1326 4128 adstricta
1347 4071 1411 4126 est“

326 4170 474 4228 adfertur:
505 4159 702 4236 detrudamur
724 4167 774 4245 (of.
799 4165 915 4227 Kaibel.
943 4188 973 4245 p.
991 4175 1019 4228 4.
1049 4191 1077 4229 n.
1097 4169 1124 4228 7.
1152 4170 1173 4230 l.
1191 4175 1220 4228 6.
1249 4191 1277 4246 p.
1298 4170 1364 4247 12),
1394 4189 1425 4228 e·

326 4288 384 4348 quo
407 4268 504 4328 elucet
525 4289 563 4328 ne
585 4269 746 4329 Aeolenees
774 4269 893 4349 quidem
918 4291 1034 4350 semper
1058 4271 1141 4331 illam
1168 4270 1412 4331 consuetudinem

324 4371 465 4432 tenuisse.
