3424 5386
933 419 976 522 1⁶.

407 564 554 652 ἐγρήγορα
582 572 732 634 derivatae
763 590 827 632 esre
855 574 892 632 ci.
919 574 1090 634 Buttmann.
1116 593 1159 650 gr.
1187 573 1236 633 Gr.
1254 574 1295 634 11.
1321 593 1352 650 p.
1383 577 1464 632 158
1510 583 1553 632 ot

322 673 324 678 ’
407 675 538 734 Lobeok.
556 675 622 734 add.
641 675 682 734 ib.
700 680 731 736 et
747 693 776 750 p.
796 679 846 732 25.
879 673 918 753 (S.
934 682 962 735 8.
980 676 1023 735 H.
1045 678 1086 756 3.)

492 768 620 853 ἅσμενος
634 796 689 853 pro
704 766 833 852 ἠρμένος
847 777 996 838 Ameisins
1011 798 1041 855 p.
1058 783 1094 837 12
1112 797 1176 838 esse
1190 777 1294 840 voluit.
1317 775 1358 856 (S.
1375 782 1412 837 5.
1435 780 1466 837 Ι.
1485 778 1544 855 2.)

494 880 525 957 7)
547 880 674 940 Restant
694 879 835 940 adverbia
850 881 995 959 quaedam
1015 881 1095 940 inter
1114 881 1244 962 quaeda
1265 871 1381 956 ἄμυδις
1409 886 1449 939 et
1476 871 1543 940 ἅλ-

406 977 489 1051 λυδις
509 981 593 1041 55115
618 987 664 1041 est
685 980 831 1041 dubitatio
854 982 927 1061 quin
954 987 1035 1043 reete
1056 981 1233 1052 iudicaverit
1253 982 1467 1042 Herodianus
1495 1004 1536 1042 π.

406 1085 478 1141 καθ.
503 1103 554 1163 πρ.
572 1085 596 1142 Ι.
616 1102 645 1158 p.
664 1087 741 1142 512:
770 1073 806 1141 roi
830 1077 862 1142 di
877 1083 919 1164 τῷ
943 1077 1205 1163 ῦπαραληγόμενα
1223 1077 1529 1160 προπαροξόνεται,

406 1177 536 1258 ἄλλυδις,
554 1176 672 1260 dpvdcc,
689 1192 720 1245 et
734 1205 763 1262 p.
777 1190 846 1260 541,
867 1192 904 1245 10
915 1207 970 1267 sq.,
986 1207 1018 1245 π.
1033 1178 1275 1266 'Ii.rrp.ad1.6.
1292 1187 1347 1266 (ΙΙ,
1361 1191 1420 1260 62,
1442 1189 1528 1266 88);

406 1279 516 1362 dipudcc
532 1319 575 1332 —
593 1282 747 1366 ἐξαιρέτως
769 1287 871 1366 τρίτην
893 1280 955 1348 aiud
981 1284 1083 1359 τέλους
1099 1285 1158 1366 ἔχει
1180 1281 1235 1367 τήν
1258 1282 1375 1360 ὀξεῖαν·
1396 1323 1447 1334 -
1461 1286 1526 1350 καὶ

407 1385 471 1450 ἐπεὶ
491 1383 620 1467 Alsium}
637 1382 658 1467 ἦ
678 1382 790 1468 τροπή,
812 1387 865 1450 καὶ
887 1382 906 1450 d
925 1385 1011 1460 τόνος
1026 1382 1168 1461 Αἰολικὸς
1185 1387 1236 1452 aci
1253 1382 1287 1451 cd
1305 1391 1444 1468 πνεῦμα.
1470 1427 1521 1436 —-

405 1483 627 1573 Ἐπισμυγερῶς
646 1515 675 1555 v.
699 1491 725 1571 §.
743 1498 770 1553 5.
789 1495 824 1566 1.,
846 1491 874 1572 ς.
891 1499 920 1552 8.
939 1495 997 1552 HL
1017 1499 1044 1554 3.

491 1595 538 1654 De
561 1586 660 1666 αὔτως
686 1595 827 1656 adverbio
857 1616 917 1676 quo
938 1596 1003 1656 iure
1025 1595 1173 1656 Lindems
1200 1596 1233 1654 in
1254 1596 1408 1672 Philolog.
1429 1597 1512 1657 XII.

405 1717 435 1774 p.
453 1702 512 1755 385
538 1695 705 1774 scripserit:
734 1697 823 1778 ‘quod
844 1730 888 1742 -
908 1699 993 1758 sedes
1019 1702 1158 1758 accentus
1178 1703 1292 1758 mutata
1312 1699 1512 1758 Aeolismum

404 1799 527 1872 redolet,
549 1818 611 1858 non
637 1799 747 1858 mirum
771 1800 909 1860 videatur
935 1800 968 1859 in
990 1800 1122 1860 Homero
1144 1799 1256 1879 quippe
1283 1800 1336 1881 qui
1357 1801 1509 1862 Aeolidae

405 1901 530 1961 subinde
553 1900 672 1962 dialecti
693 1900 832 1977 exempla
852 1903 995 1979 praebere
1017 1898 1200 1979 reperiatur’,
1222 1903 1332 1962 nescio.

846 2108 1050 2116 .---.--—-—-.

796 2290 909 2394 eaput
934 2287 1098 2393 primum.

732 2444 780 2509 De
802 2443 919 2526 spiritu
940 2443 1162 2526 consonisque.

775 2616 801 2695 ἓ.
825 2624 853 2678 2.
898 2619 951 2676 ])5
973 2617 1127 2695 spiritu.

492 2735 685 2796 Aeolensium
711 2738 833 2815 spiritus
861 2738 959 2814 asperi
985 2737 1108 2798 evitatio
1134 2756 1222 2818 quam
1251 2742 1368 2798 veteres
1395 2757 1485 2812 gram-

406 2839 507 2900 matici
528 2841 566 2899 ad
586 2861 679 2899 unum
702 2861 803 2900 omnes
819 2860 940 2918 prorsus
957 2840 1086 2901 valuisse
1102 2839 1253 2900 testificati
1275 2839 1389 2918 sunta),
1409 2840 1485 2898 iuter

406 2942 588 3002 recentiores
603 2943 641 3004 lis
665 2948 711 3003 est
731 2944 930 3003 artioribusno
952 2942 1090 3004 cancellis
1105 2941 1371 3002 circumscribendo
1390 2942 1426 3002 ait
1446 2961 1481 3000 an

408 3048 472 3102 tota
487 3044 666 3121 accipienda.
709 3046 874 3104 Abrensius
896 3044 1016 3124 quidem
1037 3045 1080 3104 sic
1093 3044 1301 3120 pronuntiavit
1320 3046 1345 3103 Ι.
1363 3049 1408 3118 24,
1430 3049 1480 3104 285

406 3144 525 3224 ⁴aeoles
545 3146 672 3206 Asianos
692 3165 758 3205 cnm
779 3146 903 3226 reliquis
926 3145 1045 3204 Graecis
1064 3146 1127 3204 fere
1150 3164 1333 3205 communem
1353 3146 1479 3206 habuisse

408 3269 545 3327 asperum
567 3267 614 3307 es
633 3247 707 3322 velj
731 3253 842 3320 natum,
865 3253 968 3306 contra
989 3246 1055 3306 aliis
1073 3249 1109 3306 de
1129 3248 1224 3307 causis
1239 3248 1398 3307 recentiore
1410 3255 1476 3307 tem-

407 3371 480 3429 pore
501 3351 534 3409 in
555 3350 622 3410 aliis
643 3347 777 3408 dialectis
795 3349 927 3408 additum
947 3345 1113 3425 respuisse',
1136 3367 1224 3429 quam
1245 3349 1340 3425 legem
1355 3350 1475 3430 plerique

407 3455 571 3530 probarunt
586 3451 625 3530 (v.
643 3452 794 3511 Kuohuer.
814 3471 856 3526 gr.
874 3450 922 3510 Gr.
942 3452 986 3510 ed.
1005 3451 1046 3509 II.
1066 3471 1094 3528 p.
1108 3450 1158 3524 97,
1179 3451 1279 3530 alios);
1301 3452 1351 3510 alii
1367 3473 1419 3511 non
1435 3453 1473 3510 di-

406 3555 589 3628 iudicarunt;
611 3554 671 3628 alii,
695 3553 827 3612 Giesium
839 3553 868 3630 ⁷)
886 3552 951 3612 dico
975 3554 1016 3632 (p.
1031 3554 1211 3632 aee-374)
1234 3560 1265 3614 et
1279 3554 1427 3628 Bergkinm
1443 3555 1472 3613 in

407 3671 487 3735 poet.
502 3657 587 3736 lyric.
601 3657 659 3714 111.
675 3661 702 3716 3.
725 3676 754 3732 p.
771 3656 846 3729 876,
869 3661 986 3716 veteres
1008 3655 1101 3715 secuti
1118 3655 1233 3714 nullum
1251 3658 1347 3733 asperi
1366 3657 1470 3733 spiritua

407 3781 494 3820 usum
520 3758 718 3818 Aeolcnsibus
747 3759 857 3818 rectius
886 3765 1102 3818 concesserunt.
1151 3759 1228 3816 Nam
1256 3776 1391 3838 perquam
1413 3759 1467 3819 veri

408 3862 504 3923 simile
532 3867 579 3920 est
600 3862 677 3921 hano
698 3861 911 3938 proprietatem
933 3879 1022 3940 quam
1047 3863 1124 3922 bene
1145 3860 1197 3920 ille
1218 3881 1247 3937 p.
1265 3866 1326 3919 209
1349 3861 1467 3922 adtenua-

407 3965 520 4026 tionem
549 3969 643 4024 status
671 3964 822 4024 cuiusdam
850 3963 1003 4039 originarii
1032 3963 1120 4046 (pins
1148 3963 1273 4024 relative
1301 3959 1464 4043 Entartung')

476 4117 503 4176 6)
521 4117 553 4163 oi.
570 4115 644 4166 Giasc
660 4133 686 4180 p.
698 4120 841 4166 339-362.
855 4118 913 4166 368.

478 4203 504 4262 7)
521 4202 644 4252 Amcisiua
662 4217 686 4264 p.
701 4206 714 4251 'i
733 4200 884 4251 caecutiebat
901 4202 985 4249 dicens
1002 4199 1113 4248 Giasium
1129 4215 1154 4261 p.
1167 4202 1217 4250 388
1236 4199 1389 4260 grammaticis
1402 4199 1460 4246 fldem

407 4300 457 4334 non
474 4285 613 4336 habandam
630 4289 749 4347 docuisse,
768 4302 831 4347 quac
849 4285 952 4334 Scidicri
968 4286 1048 4332 suerat
1063 4286 1198 4345 persuasio.
