3424 5386
907 445 1018 532 σο,

388 611 508 686 χρυσοῖο
528 609 550 668 ί.
568 613 635 667 126.
655 611 725 680 268,
748 605 799 666 σὀδ
814 605 861 663 bis
876 611 944 681 post
957 602 1185 664 trithemimerin
1200 601 1250 660 ubi
1268 600 1341 660 alias
1359 598 1407 659 his
1422 599 1481 659 ad-

388 713 504 772 iectivis
526 711 624 770 nullus
646 711 728 768 locus
751 710 835 767 datiis
860 716 905 766 est
934 701 1022 785 ιιίγιδ’
1049 702 1122 780 ἔχων
1150 701 1279 783 ἐρίτιμον
1304 703 1338 762 Ο.
1358 707 1415 760 361
1445 709 1481 762 et

388 806 480 893 αἰγίδ’
501 805 599 890 ἐρουσ’
622 809 750 889 ἐρίτιμον
773 810 805 868 Β.
823 810 891 869 487.
915 844 956 852 -—
987 811 1014 884 ο)
1042 813 1110 884 post
1138 807 1257 866 tertium
1285 806 1479 865 trochaeum:

389 913 556 991 ἐρισθενέος
572 907 672 993 (Διδς)
690 913 791 970 11154.
816 913 845 968 r.
860 917 928 970 555.
948 911 985 969 ο.
1002 915 1071 968 104.
1095 913 1126 966 0.
1140 914 1209 967 τεο.
1234 907 1283 982 (οι.
1299 907 1370 967 Hes.
1386 909 1429 967 th.
1443 914 1477 980 4,

388 1021 438 1078 sed
454 1039 501 1095 op.
518 1024 579 1076 416
596 1022 664 1093 post
678 1015 715 1092 1.)
739 1048 778 1057 -
803 1011 979 1092 ἐρίγδουπος
993 1006 1081 1081 πόσις
1092 1005 1188 1088 Ἥρης
1204 1011 1242 1068 Η.
1258 1015 1328 1068 411.
1348 1009 1383 1067 K.
1399 1015 1477 1068 329.

390 1123 427 1179 Ν.
445 1105 512 1179 15'4.
539 1121 576 1176 n.
594 1124 643 1179 ss.
660 1122 693 1176 ε.
709 1123 778 1177 405.
802 1137 826 1175 0.
843 1122 910 1175 111.
932 1120 999 1176 100.
1021 1107 1212 1193 ἐριγδούποιο
1230 1106 1328 1190 (Διὸς)
1349 1113 1478 1172 14612.

389 1215 513 1299 (Ζηνός)
537 1223 581 1280 Μ.
596 1227 667 1280 235.
691 1219 863 1299 ἐρίγδουποι
886 1211 977 1287 πόδες
997 1215 1098 1275 ἵππων
1120 1218 1158 1273 Λ.
1177 1221 1250 1287 152,
1272 1218 1323 1275 sed
1351 1216 1382 1293 δ)
1404 1221 1481 1292 post

388 1325 514 1402 primum
529 1328 716 1384 trochaeum:
742 1316 839 1398 Ζηνδς
851 1312 1031 1399 ἐριγδούπου
1047 1319 1080 1376 Ο.
1093 1324 1152 1376 293
1170 1319 1219 1395 (ci.
1231 1321 1301 1377 Hes.
1314 1320 1356 1378 th.
1368 1340 1395 1379 ν.
1409 1319 1477 1396 41).

388 1463 428 1470 -
448 1421 545 1501 Ζηνύς
560 1423 750 1504 ἐριβρεμέτεω
768 1427 805 1484 Ν.
819 1431 889 1484 624.
912 1457 953 1466 -
976 1412 1061 1480 οίνον
1077 1415 1270 1500 ἐριστάφυλον
1286 1441 1304 1478 ι.
1319 1425 1388 1480 111.
1400 1425 1476 1479 358.

391 1567 429 1573 --
453 1531 483 1606 e)
506 1532 536 1588 in
558 1549 647 1588 versu
675 1534 818 1588 exeunte:
848 1517 995 1598 αἰθούσης
1025 1517 1187 1599 ἐριδούπου
1210 1523 1249 1581 Ω.
1267 1529 1337 1582 323.
1359 1545 1385 1602 γ.
1400 1527 1477 1582 493.

390 1653 413 1688 ο.
432 1639 497 1691 145.
516 1638 582 1689 191.
606 1625 658 1688 ὑπ’
686 1624 817 1710 οιοούογ
837 1621 986 1708 ἐριδούπῳ
1009 1649 1034 1705 γ.
1050 1632 1119 1684 399.
1143 1647 1170 1701 η.
1184 1632 1254 1684 545.
1278 1629 1476 1684 0170100.

388 1735 529 1808 ποταμῶν
550 1726 718 1809 ἐριδούπων
734 1753 759 1789 κ.
773 1737 833 1789 515
857 1732 908 1788 sed
929 1715 1046 1806 praeter
1061 1731 1093 1786 Y.
1107 1735 1145 1786 50
1168 1721 1263 1787 ἄλλοτ’
1291 1720 1339 1786 ἐπ’
1355 1719 1477 1786 ἀκτάοον

390 1830 560 1910 ἐριδούπων
582 1835 632 1893 ubi
655 1853 715 1895 vox
738 1835 769 1891 in
788 1833 884 1891 medio
906 1849 994 1891 versu
1017 1839 1069 1903 est,
1092 1865 1134 1874 —
1156 1829 1239 1906 βοοῖν
1262 1865 1302 1874 -
1325 1825 1476 1908 ἐριμύκων

392 1941 425 1995 Τ.
440 1941 510 1996 497.
541 1939 578 1995 Ψ.
594 1939 663 1996 775.
687 1935 760 2012 βοῦς
785 1927 945 2011 ἐριμύκους
967 1955 991 1994 ο.
1007 1939 1066 1992 235
1091 1932 1130 2009 (v.
1147 1933 1218 1992 Hes.
1235 1953 1281 2010 op.
1297 1954 1326 1994 v.
1340 1935 1422 2011 790).

473 2041 582 2099 Contra
605 2031 672 2117 ἀρι-
697 2045 795 2098 exstat
819 2040 852 2096 in
878 2037 925 2096 his
947 2037 1109 2113 conpositis
1131 2055 1207 2115 qnae
1234 2037 1264 2111 a)
1287 2043 1355 2113 post
1376 2038 1475 2114 heph-

389 2143 577 2201 themimerin
606 2143 758 2201 conlocata
785 2146 867 2201 sunt:
899 2132 1079 2216 ἀριδείκετος
1109 2130 1225 2215 ἀνδροῖν
1253 2141 1292 2196 Λ.
1310 2143 1379 2198 248.
1411 2133 1476 2216 ἀρι-

390 2231 518 2302 δείκετον
541 2237 659 2319 ἀνδρῶν
682 2241 714 2306 Ξ.
728 2249 787 2302 320
812 2263 887 2322 quac
906 2263 974 2319 pars
997 2242 1098 2317 spuria
1119 2247 1172 2312 est,
1196 2232 1376 2318 ἀριδείκετον
1398 2232 1475 2301 εἶναι

389 2348 412 2403 1.
427 2351 496 2402 540.
521 2339 640 2404 ιιοίοιοο
663 2337 821 2424 ι’ρισιιιιοιε
843 2346 920 2402 ιοσι
941 2348 973 2402 0.
989 2349 1058 2400 τοι.
1077 2348 1146 2401 401.
1177 2365 1194 2400 ι.
1213 2350 1239 2401 1.
1270 2345 1294 2402 1.
1313 2349 1382 2402 355.
1403 2345 1474 2404 ατο.

390 2469 413 2502 ν.
429 2453 476 2504 38.
510 2447 541 2523 b)
564 2456 632 2524 post
661 2449 779 2508 tertium
803 2449 986 2506 trochaeum:
1019 2438 1185 2521 ἀριφραδέα
1207 2439 1319 2523 (δοτέα)
1347 2449 1384 2503 Ψ
1400 2452 1473 2508 240.

389 2543 525 2626 (σήματ’)
542 2555 660 2621 10225.
677 2543 840 2628 ἀριφραδὲς
856 2549 960 2624 (σῆμα)
980 2550 1018 2605 Ψ.
1033 2553 1102 2606 326.
1119 2549 1143 2604 λ.
1161 2553 1227 2606 126.
1245 2568 1276 2621 φ.
1290 2554 1349 2611 217
1377 2561 1410 2623 ψ.
1423 2553 1472 2608 73.

393 2653 462 2710 273.
480 2685 520 2693 -
537 2645 691 2725 ἀρισφάλε’
711 2644 828 2730 (nicto)
844 2672 869 2727 ρ.
888 2656 954 2708 196.
972 2685 1011 2693 -
1029 2643 1193 2729 ἀριπρεπέα
1211 2651 1244 2710 Ζ.
1257 2653 1328 2710 477.
1352 2653 1389 2709 Ψ.
1401 2657 1472 2712 453.

391 2746 549 2830 ἀριπρεπέ’
569 2755 602 2813 Ο.
615 2760 685 2813 309.
717 2749 893 2832 ἀριπρεπέες
910 2755 933 2811 1.
948 2759 1018 2812 441.
1036 2757 1067 2811 θ.
1082 2759 1150 2811 390.
1179 2744 1340 2831 ἀριπρεπές
1356 2759 1388 2813 0.
1404 2757 1473 2813 176.

392 2879 409 2914 ι.
425 2863 462 2914 22
481 2875 571 2936 ηαστε
585 2863 686 2918 auctor
701 2859 798 2918 octavi
817 2857 954 2916 carminis
969 2860 1047 2936 quod
1062 2857 1162 2934 posuit
1177 2857 1383 2916 Lachmannus
1398 2855 1473 2916 male

388 2978 508 3018 versum
533 2959 642 3018 0550
666 2962 708 3020 sic
728 2961 853 3037 incepit:
877 2953 995 3033 φαίνετ’
1018 2951 1189 3036 ἀριπρεπέα.
1234 2959 1360 3018 Vacillat
1375 2963 1472 3018 autern

392 3062 515 3118 ducrum
544 3062 755 3122 adiectivorum
784 3065 881 3121 sedes:
912 3054 1042 3139 ἀρίζηλοι
1065 3063 1103 3118 Ν.
1121 3068 1191 3120 244.
1217 3061 1253 3119 X.
1269 3062 1318 3119 27.
1341 3095 1382 3104 —·
1411 3053 1471 3139 ἀρί-

267 3171 269 3176 “
391 3182 497 3240 γυωτοι
517 3163 554 3218 Ν.
570 3165 608 3222 72
625 3171 692 3240 post
707 3165 826 3223 tertium
842 3164 1020 3236 trochaeum,
1039 3169 1138 3221 tamen
1161 3163 1189 3238 ο)
1203 3169 1272 3239 post
1284 3164 1411 3239 primum
1425 3165 1472 3222 his

391 3264 463 3322 locis
490 3265 694 3341 reperiuntur:
725 3258 844 3342 ἀριζήλη
872 3267 907 3324 Σ.
921 3270 991 3323 219.
1009 3271 1080 3323 221.
1111 3257 1235 3343 ἀριζήλω
1259 3267 1293 3323 Σ.
1309 3272 1380 3325 519.
1411 3259 1472 3343 ἀρι-

391 3360 482 3442 ζήλως
497 3387 526 3440 μ.
537 3372 608 3425 453.
624 3368 671 3445 (Β.
684 3373 744 3426 318
760 3388 839 3428 nunc
854 3360 971 3444 ἀίζηλος
985 3369 1131 3440 scribitur,
1153 3389 1182 3428 ν.
1198 3369 1277 3428 Cnrt.
1294 3374 1331 3428 at.
1347 3388 1375 3444 p.
1390 3370 1471 3446 605),

392 3503 433 3511 -
456 3465 520 3545 ριῐο
543 3463 569 3526 δ’
596 3462 755 3548 οἱριγοοιος
780 3470 814 3528 0.
832 3476 901 3528 490.
925 3469 950 3529 δ.
964 3471 1034 3530 207.
1057 3468 1122 3548 ροῐο
1144 3463 1174 3528 δ’
1197 3463 1342 3549 οίριγοοὶοη
1365 3473 1385 3542 ς.
1404 3475 1471 3529 108.

392 3570 455 3648 ῥεῖα
478 3565 509 3630 δ’
531 3564 670 3650 ἀρίγνωτ’
698 3569 757 3631 ἐστι
783 3573 804 3643 ζ.
823 3579 892 3630 300.
915 3596 941 3650 ρ.
957 3579 1017 3632 265
1046 3581 1134 3653 atque
1163 3574 1192 3652 d)
1214 3574 1246 3632 in
1273 3573 1369 3649 prima
1397 3573 1471 3632 thesi

393 3662 417 3734 ci
433 3666 576 3753 ἀρίγνωτε
591 3675 709 3756 συβῶτα
724 3697 749 3750 ρ.
762 3678 832 3733 375.
876 3677 973 3736 Etiam
989 3678 1138 3737 Hesiodus
1153 3669 1331 3751 ἀριδείκετος
1346 3677 1388 3735 th.
1402 3680 1472 3734 532.

394 3784 453 3836 543
477 3782 594 3853 praeter
621 3798 648 3837 v.
667 3781 743 3849 385,
774 3773 838 3850 ῥεῖα
860 3771 888 3835 δ’
922 3770 1057 3857 ἀρίζηλος
1086 3786 1168 3855 op.6
1201 3779 1245 3854 (in
1275 3778 1375 3854 initio)
1401 3777 1472 3836 itam

392 3882 505 3956 posuit,
528 3886 682 3956 praeterea
703 3873 864 3955 ἐρικτύπου
882 3874 1088 3961 Ἐννοσιγαίου
1110 3884 1151 3942 th.
1169 3887 1240 3940 930.
1265 3873 1411 3960 ἐρικτύπῳ
1429 3873 1471 3937 ’E

392 3983 434 4041 th.
451 3987 520 4040 441.
544 3977 701 4056 ἐρίκτυπον
719 3977 761 4040 Ἐ.
786 3983 827 4042 th.
845 3988 905 4042 456
929 3991 996 4061 post
1017 3985 1146 4056 tertium,
1169 3976 1378 4062 ἐρισμαράγοιο
1400 3975 1473 4052 Διδς

392 4084 516 4142 111815.
533 4076 644 4158 ταύρου
661 4079 817 4162 ἐριβρύχεω
831 4089 873 4148 th.
887 4093 947 4147 832
962 4093 1029 4164 post
1043 4087 1170 4164 primum
1185 4086 1354 4146 trochaeum
1371 4086 1472 4157 habat;

393 4175 523 4260 ἀρίσημα
544 4191 641 4244 autam
663 4186 771 4260 legitur
792 4189 825 4246 in
846 4193 946 4267 spurio
968 4211 995 4248 v.
1015 4195 1052 4247 12
1074 4190 1153 4267 hym.
1175 4189 1208 4246 in
1229 4189 1319 4246 Mero.

479 4285 513 4364 δ’)
536 4307 554 4343 α
568 4287 600 4343 111
616 4308 632 4345 ο
649 4289 821 4349 offuscatum
835 4298 869 4350 ut
883 4291 1009 4349 maxime
1025 4291 1057 4347 in
1072 4290 1194 4348 Aeolica
1208 4290 1333 4348 dialecto
1348 4289 1388 4366 (v.
1401 4290 1470 4350 Ahr.
