3424 5386
777 439 816 504 81

247 595 329 654 sadis
353 593 562 656 ohservatione
585 594 752 654 derivamus
779 595 893 674 aliquid
921 595 1111 655 emolumenti
1139 597 1286 658 redundat
1308 607 1342 660 ut

246 717 357 758 voeem
387 717 442 775 pro
471 697 634 756 certissimo
661 698 789 772 vestigio
822 718 860 757 ex
887 699 1009 758 Aeoliae
1036 699 1117 776 poesi
1146 699 1179 758 in
1210 703 1342 761 earmina

248 799 416 864 Homeriea
429 804 549 876 recepto
563 799 754 866 iudicandam
767 821 831 862 esse
844 801 1072 874 contendamus3
1088 802 1228 878 probavit
1242 809 1340 863 aetem

250 901 436 960 Aeolismum
453 901 617 963 rectissime
632 903 751 964 Gmtiua
773 925 801 981 p.
816 908 886 962 668.
932 902 1065 962 Offensio
1088 921 1159 964 rere
1183 909 1247 964 erat
1269 905 1342 964 viiia
1429 920 1432 930 ¹

251 1003 350 1063 doetia
371 1003 449 1082 quod
471 1024 500 1061 α.
517 1008 556 1062 29
580 1003 756 1079 Aegisthus,
779 1007 867 1065 home
889 1004 1143 1076 sceleratissimus,
1164 1006 1266 1064 eodem
1289 1027 1341 1066 no·

249 1104 333 1166 mine
355 1105 524 1166 honorabili
546 1105 701 1168 decoratos
724 1113 784 1181 est;
806 1107 981 1167 Euatathiue
1004 1106 1123 1185 quidem
1145 1127 1174 1182 p.
1190 1108 1282 1180 1857,
1301 1114 1340 1167 43

249 1206 434 1268 sia‘loeotus
456 1212 518 1268 asts
548 1199 749 1283 αἰμόμωνααλ
771 1206 920 1288 Αἴγισθος
942 1204 992 1266 καὶ
1016 1203 1124 1284 ἕτεροι,
1152 1209 1261 1280 φαῦλοι
1289 1205 1342 1284 μὲν

209 1341 212 1346 ·
248 1299 361 1379 ἄλλως,
390 1301 507 1382 όμωμοι
535 1304 567 1368 dl
588 1302 650 1367 κατ’
671 1303 798 1388 ἀνδρίαν
824 1301 993 1388 ἣγένοςῆ
1020 1329 1047 1366 τι
1069 1309 1219 1378 τοιοῦτον,
1250 1330 1340 1389 quam

248 1410 529 1488 interpretationem
544 1413 574 1471 O.
587 1413 621 1472 F.
632 1413 781 1478 Ameisins
796 1413 927 1490 adripuit
941 1413 978 1470 ab
991 1413 1029 1470 H.
1042 1412 1170 1473 Webero
1186 1411 1218 1472 io
1230 1413 1339 1474 Philol.

249 1511 338 1576 XVI.
354 1535 383 1591 p.
398 1515 467 1572 712.
478 1514 545 1574 ,713
568 1514 610 1573 sio
625 1520 759 1578 notatus:
783 1537 828 1587 ,,α.
844 1519 883 1572 29
907 1514 946 1572 ist
970 1505 1096 1587 όμύμων
1118 1513 1214 1572 falaeh
1230 1515 1342 1576 arkllirt

248 1617 331 1678 aaeh
353 1617 406 1674 der
426 1617 649 1679 henschenden
667 1616 831 1690 Tradition‚
854 1635 885 1675 es
907 1615 1002 1678 heisst
1023 1613 1143 1686 ‚eerr‘
1164 1617 1225 1674 uod
1248 1619 1342 1691 hangt

248 1718 312 1778 anit
330 1709 435 1792 α’μόνω
457 1735 635 1787 zusammen,
659 1718 791 1780 daduroh
804 1717 872 1778 faor
893 1716 941 1778 die
964 1737 1002 1776 an
1018 1717 1070 1776 der
1084 1716 1175 1776 Stella
1191 1721 1341 1793 gegebene

250 1830 290 1880 ao
312 1819 394 1882 seina
416 1820 677 1893 Untersoheidung
699 1824 783 1894 weg“
814 1819 916 1899 (qnam
938 1818 1167 1893 originationem
1189 1821 1341 1882 Hirzelius

250 1940 376 2002 quoque
394 1921 498 1981 fovere
520 1921 639 1994 videtur
660 1943 688 2000 p.
705 1924 757 2000 26)
780 1925 881 2000 etque:
912 1942 955 1993 ,,ν.
973 1926 1013 1978 42
1037 1921 1126 1980 kahrt
1148 1913 1287 1998 ἀμύμονα
1309 1924 1342 1982 in

250 2023 322 2083 dem
341 2022 431 2080 Sion:
459 2021 675 2082 anbeseholten
708 2024 833 2095 wieder,
867 2025 920 2082 dar
948 2023 1163 2100 etymologiseh
1189 2025 1275 2084 nieht
1303 2044 1342 2084 ιιι

252 2124 392 2185 οιλτλλὶιοω
407 2123 476 2182 ist.“
505 2123 562 2182 Sed
578 2143 735 2186 veramne
751 2144 817 2184 eam
830 2125 940 2202 optimo
956 2130 1148 2202 praeceptore
1163 2144 1228 2184 meo
1243 2127 1341 2186 faeere

252 2246 316 2286 non
345 2225 470 2303 possim3
502 2245 600 2304 neque
629 2226 707 2290 enim
739 2226 898 2307 quiequam
926 2227 1078 2288 Aeolismo
1108 2229 1225 2288 obstare
1254 2228 1341 2288 video

250 2327 515 2406 aeque-intellego
539 2329 685 2408 quomodo
713 2320 840 2404 α’μόμων
866 2328 965 2406 aptius
986 2330 1024 2388 ab
1047 2322 1151 2406 υλμόνω
1173 2331 1341 2390 deseendat

251 2429 430 2508 Sor-apulum
460 2435 559 2490 autem
582 2450 670 2510 quem
692 2432 757 2492 loeo
778 2432 877 2492 inesse
899 2451 986 2490 nemo
1009 2434 1129 2506 negabit
1161 2434 1342 2495 convenien-

251 2533 367 2594 tissime
384 2531 509 2610 expellit
524 2532 713 2607 Kirohhoffii,
736 2534 795 2596 viri
817 2534 1075 2611 praestantissimi,
1099 2536 1219 2609 egregia
1241 2538 1342 2596 obaer-

251 2635 336 2698 vatio
358 2653 446 2714 quam
466 2634 500 2692 in
522 2634 633 2694 aoholis
650 2627 814 2712 proposuit,
836 2654 939 2697 versus
962 2659 989 2692 α.
1006 2641 1128 2694 29-31
1155 2637 1282 2713 pessime
1304 2658 1341 2696 ex

252 2736 279 2796 d.
297 2739 442 2796 lar-«89
458 2735 655 2812 transoriptoa
669 2741 759 2814 atque
773 2755 883 2796 nomen
893 2729 1074 2812 Ἀντιλόχοιο
1090 2737 1192 2811 inepte
1208 2737 1240 2795 in
1258 2734 1341 2814 Acyt-

252 2841 347 2898 σθοιο
369 2841 515 2896 mutatum
536 2837 716 2906 essaeuiua
729 2842 937 2911 argumentum
959 2837 990 2894 in
1007 2857 1040 2896 ao
1057 2838 1185 2897 maxime
1206 2842 1343 2896 versatur

254 2939 333 3020 quod
356 2937 423 2996 aliis
444 2938 518 2997 loeis
541 2957 657 3014 semper
678 2942 746 3014 post
766 2957 887 2997 versam
908 2940 983 2996 τοῖσι
1006 2932 1038 2995 δὲ
1060 2931 1168 3011 μόθων
1189 2924 1260 3016 ἦρχε
1281 2940 1341 2998 κτλ.

253 3041 355 3104 sarim
377 3043 470 3102 rerba
491 3040 557 3118 ipsa
577 3039 704 3098 dieentis
726 3039 827 3099 addita
849 3044 926 3098 sunt.

342 3142 374 3220 2)
395 3143 578 3202 Dubitanteo
597 3144 656 3202 hue
678 3141 821 3202 traxerim
843 3161 952 3200 nomen
973 3135 1096 3218 Φόρκυν
1112 3163 1171 3222 quo
1193 3144 1225 3202 in
1247 3143 1342 3205 Iliade
1367 3205 1370 3212 ,
1452 3207 1456 3214 ,

253 3247 410 3323 Blroygnm
426 3245 495 3316 dux,
518 3245 551 3304 in
567 3246 700 3323 Odyssea
713 3244 846 3304 marinus
860 3243 932 3302 deus
947 3243 1139 3317 significatur.
1176 3246 1342 3306 Lobeekina

253 3349 288 3406 in
318 3331 420 3423 parali
444 3368 472 3424 p.
490 3352 551 3406 200
581 3347 751 3408 ολωολοτίλτ
784 3347 915 3428 ‘nomina
938 3347 971 3404 in
1001 3367 1037 3404 υν
1064 3347 1223 3407 terminata
1249 3365 1343 3425 panea

254 3454 326 3509 sant
347 3481 388 3494 —-
410 3448 523 3524 largius
544 3449 637 3508 multe
660 3448 866 3527 prolixiusque
893 3449 993 3508 fiuant
1016 3449 1202 3511 substantiva
1226 3451 1258 3508 in
1282 3447 1340 3507 αι’.

253 3553 301 3611 De
328 3551 389 3610 illis
416 3551 509 3626 igitir
534 3552 614 3628 apud
635 3551 747 3610 Herod.
776 3571 807 3607 ιι.
830 3554 903 3609 καθ.
927 3573 977 3628 πρ.
995 3553 1018 3609 Ι.
1046 3556 1150 3623 18,14
1180 3552 1341 3628 aeeipimue

255 3656 344 3714 haee:
367 3646 402 3712 τό
418 3649 460 3722 εἰς
475 3649 512 3712 ἦ
525 3647 651 3731 λήγοντα
666 3644 823 3729 βαρύνεται
839 3647 992 3730 ἐξαιρέτως
1011 3647 1092 3733 nopai
1107 3656 1168 3723 τοῖς
1184 3650 1341 3712 Αἰολεῦσιν

259 3750 384 3833 Φόυανν
407 3748 528 3815 Πόλτυν
549 3747 664 3832 Γόρτον
688 3745 789 3814 Κότυν
811 3745 923 3811 Κόττον
946 3747 1040 3828 μόουν
1063 3751 1166 3813 sistor
1188 3752 1302 3824 ιιλνδνν,
1326 3773 1342 3811 e

259 3859 365 3938 quibus
394 3877 426 3914 ιτ.
449 3861 524 3914 ααθ.
545 3858 586 3916 11.
611 3861 669 3914 369
701 3875 757 3914 see.
788 3857 945 3914 Areadium
978 3849 1077 3914 Κότυν
1111 3851 1217 3914 Κάπυν
1246 3848 1343 3931 μόσυν

256 3953 362 4018 ιιλνόυν
382 3965 411 4018 at
425 3979 456 4017 ιτ.
476 3957 548 4017 ullo.
567 3949 650 4038 ὄνομ.
666 3959 708 4016 II.
728 3963 789 4016 628
813 3978 869 4017 see.
892 3959 1128 4017 Choeroboseum
1149 3953 1266 4016 Πόλτυν
1281 3950 1340 4017 Κό-

257 4081 310 4120 τνν
327 4055 437 4136 Κοῖαυν
452 4057 554 4120 τέκτυν
570 4056 673 4119 κίνὸυν
688 4060 901 4120 desiderantur.
945 4051 1040 4118 Κότυν
1059 4064 1089 4117 et
1107 4051 1215 4117 Κόττον
1230 4059 1342 4135 ignota,
1463 4137 1465 4141 ι

261 4154 368 4232 Κόττος
390 4169 420 4222 et
446 4149 542 4232 Κότυς
565 4163 720 4222 notissima
742 4183 805 4222 ease
821 4161 987 4224 Lobeekiua
1006 4161 1128 4233 addidit,
1152 4161 1230 4240 quod
1252 4164 1342 4224 etiam

258 4265 338 4326 valet
353 4267 389 4336 da
408 4258 540 4336 Πόλτυος
563 4267 664 4344 itaque
680 4285 717 4324 ex
728 4264 893 4326 Herodiani
909 4264 1067 4340 disciplina
1081 4264 1256 4324 eonoludere
1272 4267 1344 4326 lieet
1433 4291 1439 4298 ·

1121 4373 1138 4424 6
1250 4397 1254 4406 .
