3126 5256
179 829 263 901 δους
289 849 318 888 τ.
336 831 406 890 367.
436 825 537 890 ἐδίδου
558 830 583 888 λ.
601 833 672 890 289.
702 827 866 910 apotamo.
886 834 956 890 333.
986 822 1070 904 ἇφίει
1085 832 1124 890 Α.
1140 835 1189 890 25.
1212 850 1282 892 oon·

180 937 314 994 stanter
329 951 441 994 meram
460 932 626 1008 analogiam
640 931 780 992 flexionis
795 932 829 992 in
848 953 890 1008 με,
914 933 990 992 siout
1012 937 1077 992 orat
1092 935 1171 1012 apud
1186 935 1283 996 Dorea

183 1035 228 1112 (v.
254 1036 338 1094 Ahr.
358 1037 401 1094 II.
423 1055 452 1112 p.
474 1035 564 1111 316),
596 1039 769 1112 persecutus
799 1039 846 1094 eat
865 1034 970 1097 invitis
992 1034 1221 1096 Friedlaendero
1249 1036 1283 1094 in

180 1137 280 1196 Inhn.
314 1155 383 1196 ann.
406 1156 435 1198 r.
452 1136 501 1194 79.
524 1157 553 1214 p.
570 1142 642 1196 820.
671 1142 702 1196 et
728 1137 867 1215 Rumpfio
895 1137 936 1196 ib.
959 1157 988 1198 v.
1005 1141 1054 1195 81.
1077 1157 1106 1213 p.
1125 1137 1200 1209 597,
1231 1138 1281 1196 hia

179 1237 253 1315 ipse
290 1239 327 1298 in
358 1243 469 1318 quaeat.
500 1239 589 1299 Hom.
620 1238 715 1300 solum
742 1239 948 1317 praesentibus
977 1240 1137 1318 verborum
1165 1230 1282 1298 διδόναι

180 1337 313 1400 τιθέναι
335 1341 569 1401 eontraotionem
588 1341 743 1414 oonoeaait,
763 1341 913 1402 Ameisiua
930 1362 959 1418 p.
977 1345 1026 1400 51.
1049 1360 1150 1400 omues
1171 1341 1282 1400 formae

182 1446 303 1502 tenore
329 1448 459 1504 retracto
488 1462 543 1520 pro
572 1443 660 1502 iustis
686 1441 844 1506 Aeoliomia
872 1442 978 1502 haberi
1004 1441 1092 1501 iussit
1119 1443 1189 1502 aine
1213 1447 1283 1521 apta

183 1562 294 1604 naum.
338 1547 444 1624 Itaque
467 1563 534 1604 oum
550 1545 724 1604 Arietarobo
747 1542 967 1606 oironmflexam
987 1544 1114 1604 formam
1134 1545 1283 1623 praetule-

182 1651 265 1712 runt
288 1645 487 1706 Buttmannue
509 1646 709 1721 Goettlingius
730 1646 767 1704 de
788 1665 848 1706 ano.
870 1667 899 1724 p.
916 1647 965 1705 76.
1010 1646 1177 1706 Lobeokius
1198 1647 1281 1725 path.

185 1746 225 1807 el.
244 1747 292 1806 ΙΙ.
311 1747 382 1807 267.
418 1748 592 1825 Spitanerus
613 1748 687 1808 adl.
717 1752 748 1807 et
773 1748 807 1808 in
827 1749 913 1826 epist.
940 1747 978 1806 ad
998 1747 1163 1808 Hermann.
1185 1769 1214 1826 p.
1233 1753 1280 1808 12.

184 1849 389 1909 Thieraobins
404 1870 448 1924 gr.
465 1849 514 1910 Gr.
531 1847 558 1928 ς.
571 1855 642 1910 230.
671 1851 842 1924 Krnegorus
856 1850 905 1909 Di.
921 1871 950 1927 p.
962 1855 1010 1910 96.
1033 1850 1206 1910 Dindorfius
1220 1850 1282 1924 alii,

185 1957 301 2012 eontra
322 1951 505 2012 Aeoliamum
532 1953 675 2013 fovebant
695 1955 823 2014 Ahrena.
851 1953 887 2012 de
910 1953 986 2012 ooni.
1012 1953 1045 2012 in
1067 1973 1100 2029 μι
1120 1974 1150 2031 p.
1169 1952 1217 2012 17.
1246 1952 1283 2013 de

186 2053 265 2113 dial.
283 2053 377 2120 Aeol„
390 2073 420 2132 p.
439 2059 488 2113 15.
510 2074 539 2114 u.
557 2058 608 2113 22.
635 2055 788 2114 Kuehner.
810 2075 839 2131 p.
857 2059 927 2114 524.
957 2056 1075 2116 curuos
1093 2057 1130 2116 de
1146 2060 1236 2132 temp.
1253 2059 1284 2114 et

186 2157 275 2216 mod.
292 2176 320 2232 p.
334 2161 384 2216 22.
396 2177 425 2216 ιι.
455 2156 611 2234 Rumpfius
625 2155 717 2232 prior.
734 2157 754 2214 l.
772 2177 801 2234 p.
820 2157 996 2215 597-599,
1020 2177 1069 2236 qu.
1084 2157 1173 2217 Hom.
1189 2177 1218 2232 p.
1235 2160 1282 2216 ll.

187 2256 355 2330 Ameieiue,
377 2279 393 2318 e
417 2276 476 2336 qua
496 2257 673 2316 diffioultate
694 2258 794 2334 erupit
812 2257 963 2316 Beklrerue
985 2257 1137 2330 vulgarem
1157 2257 1284 2316 formam

190 2356 334 2418 δίδωσθα
357 2358 406 2436 (of.
422 2358 567 2437 τίθησθα)
583 2358 760 2429 restituena;
783 2357 834 2416 ιδδ
852 2359 930 2416 hano
945 2358 1121 2434 soripturam
1139 2357 1284 2419 remoavit

188 2461 351 2539 Rumpfius
367 2481 433 2520 oum
450 2479 511 2520 non
533 2461 672 2534 elnoeret,
695 2459 721 2518 si
744 2459 815 2518 olim
831 2457 1023 2518 ΔΙΔΟΣΘΛ
1045 2459 1201 2532 extitisset,
1224 2477 1283 2536 quo

190 2563 285 2626 modo
307 2564 403 2624 forma
425 2559 565 2621 διδοῖσθα
578 2562 655 2622 bene
677 2566 786 2622 testata
808 2581 883 2642 quae
905 2582 922 2621 δ
942 2561 1019 2622 falsa
1039 2561 1191 2640 alphabeti
1206 2561 1284 2621 auti-

192 2665 313 2745 quioriu
333 2664 492 2726 tralatione
509 2664 577 2725 elioi
595 2666 702 2746 nequit
722 2666 848 2728 evadere
862 2665 1017 2742 potuisset.
1060 2666 1137 2726 Sane
1156 2664 1284 2726 auotori-

191 2770 261 2826 tate
282 2765 315 2824 in
337 2768 394 2828 hao
415 2785 449 2825 re
470 2767 548 2826 nihil
569 2768 712 2840 efficitur;
736 2769 787 2828 ιδδ
803 2768 873 2847 quia
894 2787 929 2827 ea
947 2768 1049 2845 opinio
1072 2789 1131 2848 qua
1151 2772 1227 2828 ota
1247 2767 1285 2827 ad

191 2868 346 2936 integram
360 2868 518 2924 secundam
533 2889 690 2943 personam
705 2869 805 2940 suffigi
820 2889 906 2944 posse
922 2870 1097 2929 credebatur
1110 2890 1190 2930 nuno
1204 2875 1286 2932 reete

194 2963 324 3039 explosa
353 2967 398 3021 eat
424 2969 514 3042 atque
543 2969 618 3023 -σθα
646 2986 701 3041 pro
731 2981 774 3023 -σι
803 2967 1013 3028 terminatione
1040 2970 1140 3030 velere
1170 2975 1287 3030 oonatat

196 3067 241 3145 (v.
263 3066 343 3125 Gurt.
363 3065 401 3122 de
419 3066 501 3127 verb.
522 3083 552 3140 p.
565 3065 627 3141 54),
648 3064 747 3142 potius
762 3065 1023 3130 demonstrandum
1038 3074 1103 3128 erat
1116 3071 1195 3128 unde
1211 3071 1286 3128 illud

196 3172 263 3234 iota
285 3172 381 3228 ortum
403 3166 451 3239 sit,
474 3166 553 3244 quod
571 3185 634 3225 non
654 3166 750 3226 levem
772 3169 872 3227 movet
893 3169 1073 3242 serupulnm.
1116 3172 1193 3229 Nam
1215 3191 1240 3231 e.
1257 3191 1285 3245 g.

199 3269 275 3349 ἔχεις
295 3271 374 3352 quod
396 3289 434 3328 ex
455 3265 544 3346 ἔχιδι
564 3287 618 3346 per
640 3264 765 3344 ἔχε-ισίι)
787 3271 885 3326 ortum
907 3272 952 3326 est
974 3267 1015 3344 (v.
1037 3270 1114 3330 Giee.
1134 3292 1163 3348 p.
1181 3269 1284 3353 213l4.

198 3378 274 3438 Abr.
289 3377 314 3436 I.
331 3395 360 3452 p.
375 3379 424 3432 92.
444 3376 513 3434 139.
542 3372 651 3433 christ.
668 3391 696 3448 p.
714 3375 764 3430 44.
786 3369 899 3430 Hirael.
915 3389 945 3448 p.
958 3375 1008 3430 24.
1031 3373 1111 3432 Ourt.
1128 3374 1210 3434 Stud.
1226 3376 1285 3434 111.

200 3499 230 3556 p.
250 3479 324 3556 396)
355 3477 480 3537 debebat
508 3471 631 3552 δχι-σθιι
660 3473 762 3534 andire
792 3473 871 3552 quod
898 3474 1043 3548 Bergkiua
1069 3475 1107 3533 ad
1128 3475 1156 3534 S.
1179 3477 1217 3535 fr.
1236 3481 1286 3536 21.

201 3599 231 3656 p.
248 3584 318 3638 885.
342 3582 372 3638 et
392 3597 439 3656 ap.
460 3579 571 3653 Tbeog.
594 3599 623 3640 v.
645 3581 724 3640 1316
748 3576 825 3636 mont
845 3568 995 3653 σχήσεσθα
1016 3597 1070 3654 pro
1087 3576 1196 3636 tradito
1219 3569 1287 3654 σχή-

202 3685 303 3764 σῃσθιι
318 3680 351 3738 in
365 3681 467 3758 hymn.
483 3682 515 3739 in
528 3684 591 3741 Cer.
608 3702 636 3742 r.
648 3686 718 3752 36⁴6.
735 3680 922 3740 seribendum
936 3680 1091 3759 proposuit
1105 3677 1287 3756 adstipulan-

201 3783 282 3842 tibus
304 3781 406 3843 Onrtio
429 3783 465 3840 δδ
485 3784 566 3843 verb.
589 3802 618 3858 p.
637 3786 685 3840 54.
708 3786 738 3841 et
756 3784 894 3840 Rennero
916 3802 945 3859 p.
962 3787 1011 3842 23.
1055 3783 1135 3856 Ergo
1158 3781 1221 3844 aive
1244 3777 1287 3838 δί-

188 3882 316 3946 ..tornea
343 3883 499 3958 evulgari
520 3883 650 3944 flexione
678 3902 733 3959 pro
756 3879 873 3940 δίδοι-σι
897 3880 988 3951 δίδως
1013 3883 1076 3944 sive
1104 3903 1143 3944 ex
1165 3882 1288 3942 Aeolica

203 4006 258 4065 pro
281 3983 398 4044 δίδοι-σι
423 3982 541 4054 δίδοι-ις
568 3982 663 4052 δίδοις
688 3983 824 4046 derivare
852 3984 989 4046 volumno
1016 3985 1165 4063 utrimque
1187 3984 1287 4062 potius

204 4086 355 4146 δίδω-σθα
387 4092 592 4164 exspectatun
626 4087 678 4146 aed
707 4085 732 4144 si
762 4085 793 4144 id
824 4105 889 4146 oum
920 4089 1005 4150 Aeol.
1036 4085 1176 4163 φίλεισθα
1208 4084 1287 4165 quod

202 4189 370 4248 Abrensiue
392 4209 420 4265 p.
440 4195 498 4249 139
525 4209 579 4266 pro
610 4187 743 4264 φίλησθιι
769 4188 901 4247 restituit
925 4195 956 4248 et
982 4210 1063 4250 nuno
1095 4209 1196 4249 omnes
1222 4189 1287 4248 fere

202 4293 333 4368 probant
361 4310 570 4370 oonparamns,
600 4291 649 4353 vel
671 4291 709 4352 ad
735 4289 888 4368 antiquam
912 4292 1073 4352 flexionem
1100 4292 1133 4350 in
1155 4310 1187 4365 μι
1211 4309 1287 4369 quaa

202 4393 324 4460 yerbnle
347 4393 488 4454 suffixum
508 4396 539 4470 ja
561 4393 695 4456 eontinet
717 4412 775 4472 quo
796 4389 905 4453 δίδωθι
926 4393 1057 4469 relegavi
1084 4393 1133 4456 vel
1158 4393 1195 4452 ad
1218 4411 1287 4454 oon·
1388 4413 1390 4416 ·

202 4499 329 4556 tractam
351 4488 444 4554 διδόω
466 4515 520 4572 pro
539 4493 642 4571 διδο]“ω
663 4496 850 4557 referendum
873 4501 927 4556 est.
970 4498 1081 4557 Tamen
1101 4496 1134 4555 in
1157 4497 1288 4572 genuino
