3126 5256
696 702 758 768 119

181 861 256 921 ehus
278 879 348 936 ergo
369 859 522 919 Atlioismi
546 859 778 918 studiosissimus
805 877 859 935 pro
880 857 1023 918 Zenodoti
1045 863 1177 937 vulgari,
1206 883 1267 924 non

181 961 293 1022 Dorias
312 962 408 1020 formu
428 960 601 1037 (Duentner.
624 979 653 1036 p.
670 962 722 1038 64)
750 957 859 1020 τίσαιεν
880 960 999 1036 seripsit
1019 957 1129 1022 σίσααν
1146 969 1201 1026 eto.
1223 965 1265 1041 (u.

182 1064 306 1122 Laroeh.
329 1081 358 1138 p.
374 1061 458 1138 896).

266 1163 300 1241 3)
322 1166 360 1222 lu
380 1168 449 1223 tert.
470 1181 547 1240 pers
575 1161 653 1238 plur.
681 1167 742 1238 opt.
765 1181 817 1221 ατο
844 1176 899 1238 pro
926 1183 978 1222 ντο
1004 1163 1084 1240 apud
1104 1163 1267 1224 Aeolenses
1372 1160 1384 1184 ⁸

180 1267 272 1327 fnisse
291 1265 420 1326 traditur
441 1269 531 1344 etque
553 1263 677 1323 eredidit
690 1265 824 1334 Ahrens3
847 1269 911 1324 erat
930 1265 1021 1325 etiam
1042 1264 1145 1324 lonioa
1164 1265 1266 1324 termi-

181 1368 277 1440 natio,
306 1385 398 1446 quare
425 1364 608 1442 grammatici
634 1369 746 1424 temere
768 1363 925 1424 πειθοίατο
947 1367 993 1424 Μ.
1010 1372 1080 1426 229.
1104 1359 1200 1429 Ξίθθ.
1227 1367 1266 1426 ad

180 1467 362 1528 Aeolismum
388 1467 575 1542 relegarunt;
608 1469 708 1524 tamen
735 1465 861 1524 fortasse
888 1468 947 1526 hoo
973 1468 1053 1529 eadit
1081 1468 1114 1526 in
1140 1468 1266 1528 formam

181 1566 316 1628 devoluto
334 1569 368 1627 Β.
386 1574 455 1628 128.
479 1569 516 1624 Ε.
529 1573 590 1626 202
613 1571 716 1643 utpote
739 1566 890 1627 Aeolioam
912 1566 950 1645 (ᾖ.
964 1573 991 1626 3.
1010 1568 1050 1646 5).

264 1671 297 1748 4)
318 1669 428 1729 Parum
446 1674 524 1730 stare
541 1672 640 1744 potest
660 1667 711 1728 hio
732 1668 915 1728 aratoribus
930 1669 1066 1730 laudatus
1080 1669 1266 1731 Aeolismus:

181 1768 325 1848 ίπισχοῑες
347 1767 472 1844 Ξ241,
501 1788 591 1849 quam
612 1769 770 1830 lectionem
793 1769 964 1830 Aristarcho
991 1772 1144 1854 probatem
1167 1773 1263 1832 Hero-

178 1873 284 1932 dianus
305 1893 336 1931 π.
360 1872 432 1932 καθ.
455 1891 504 1950 πρ.
521 1873 547 1931 Ι.
569 1891 598 1946 p.
613 1876 674 1932 469
704 1871 838 1931 defendit
864 1871 975 1948 duplici
996 1872 1190 1948 explieatioul
1216 1873 1262 1934 ia-

180 1973 313 2050 dulgens,
335 1975 385 2035 vel
405 1993 471 2033 eam
493 1993 532 2032 ex
549 1969 677 2048 ίπίσχοις
698 1992 754 2050 per
774 1973 976 2054 pleonasmum
996 1973 1113 2034 litterae
1133 1993 1147 2032 a
1168 1979 1263 2037 ortam

179 2093 244 2135 esse
265 2077 315 2136 vel
334 2096 374 2136 ex
389 2073 539 2152 ἐπισχοίης
554 2075 758 2146 adtenuatam,
779 2073 819 2150 (v.
839 2075 949 2135 Osann.
966 2079 1023 2136 An.
1041 2078 1127 2136 Rom.
1146 2097 1174 2152 p.
1190 2082 1261 2138 286.

178 2176 324 2238 Ribbeok.
345 2178 377 2236 iu
393 2197 471 2238 oens
493 2198 522 2253 p.
535 2179 587 2235 '11.
610 2176 734 2234 Iaroeh.
752 2195 781 2250 p.
797 2176 878 2252 129),
901 2178 978 2255 quod
996 2183 1155 2254 utrumque
1172 2177 1262 2252 plane

177 2277 343 2338 inauditnm
366 2283 425 2351 ed,
456 2282 508 2336 sut
528 2273 694 2350 ἐπισχοίης,
722 2274 806 2334 euius
828 2276 991 2350 scripturae
1012 2295 1091 2335 nuno
1111 2277 1149 2334 ab
1168 2277 1263 2336 omni·

177 2379 234 2438 bus
248 2387 384 2456 reeeptae
400 2380 546 2438 rationem
563 2377 734 2436 Alexander
751 2375 941 2448 Cotiseensis
964 2376 1149 2436 doctissimus
1165 2395 1262 2451 gram·

177 2477 370 2560 madeussst),
392 2481 425 2539 in
443 2481 519 2539 libro
543 2477 656 2538 deeimo
678 2476 737 2534 τῶν
759 2473 958 2536 παντοδαπῶν
978 2477 1010 2540 iu
1032 2476 1123 2538 sehol.
1140 2479 1177 2538 A.
1196 2476 1263 2538 lau·

176 2581 245 2640 dato
267 2582 310 2642 sio
333 2582 478 2642 reddidit:
500 2581 541 2663 τῷ
559 2576 707 2658 ίπίσχοιμι
729 2569 903 2638 ἀκόλουθόν
922 2573 981 2638 ἔστί
1003 2571 1036 2638 τί
1058 2574 1197 2655 ἐπίσχοις,
1219 2579 1261 2662 τῷ

176 2675 210 2740 δὲ
232 2679 383 2759 ἐπισχοίης
404 2675 438 2742 cd
460 2677 628 2760 ίπισχοίιχν·
652 2676 705 2742 καί
726 2677 798 2750 tour
818 2674 915 2751 οὕτως
937 2677 1002 2758 ἔχει,
1023 2675 1209 2760 mareotiden
1231 2675 1264 2742 di

108 2809 111 2814 Δ
174 2771 236 2842 ὑπὸ
252 2785 311 2842 τοῖν
325 2778 687 2861 μεταχαρακτηρισάνοιον,
706 2783 747 2862 τῷ
763 2777 796 2840 δὲ
810 2785 971 2862 χαρακτῆρι
987 2777 1145 2863 γενόμενον
1158 2777 1263 2860 ὅμοιον

176 2884 217 2965 τῷ
241 2882 319 2954 ἰοίην
334 2879 385 2938 καί
401 2873 545 2956 οίχογαίην
560 2876 642 2955 παρὰ
658 2884 786 2954 Σαπφοῖ
805 2882 852 2958 (fr.
872 2884 944 2959 159)
967 2881 1019 2942 καί
1039 2884 1080 2964 τῷ
1095 2883 1263 2961 πεπαγοίιχν

173 2977 244 3057 παρ’
266 2974 415 3036 Εὗποίίδι
438 2972 559 3045 εἰκότως
581 2973 790 3055 ἒβοιρντονήθη
818 2974 851 3039 sd
874 2977 1024 3057 ἐπισχοίης
1046 2974 1087 3050 αἷς
1107 2977 1265 3042 Αίοίιοιόν.

172 3083 240 3144 led.
254 3080 288 3140 in
310 3077 406 3137 forma
425 3077 493 3153 ipsa
513 3075 628 3140 insoliti
651 3077 722 3154 quid
751 3077 832 3137 inest
851 3083 886 3138 ut
906 3097 946 3138 ex
967 3082 1060 3141 altera
1081 3080 1206 3142 diuleoto
1227 3081 1260 3140 in

175 3181 337 3244 Homerioa
365 3179 495 3240 earmina
520 3179 675 3252 adsumpto
695 3176 826 3235 dicetur?
870 3181 920 3236 An
944 3184 1082 3240 aeomtus
1104 3181 1263 3242 Aeolicus?

176 3285 228 3344 sed
254 3283 324 3363 quis
350 3286 470 3360 pransu
496 3280 582 3339 illum
610 3279 707 3338 looum
733 3277 832 3352 potuit
858 3277 988 3340 habene?
1037 3281 1196 3356 Nugeutur
1223 3283 1260 3344 de

176 3385 327 3446 Aeolismo
355 3391 443 3464 quern
462 3382 562 3444 neseio
591 3401 630 3440 en
656 3379 747 3440 etism
769 3378 869 3440 Attiou
897 3380 1009 3440 oomieo
1035 3381 1262 3446 ineuleaverint

177 3485 301 3544 ldinime
321 3485 374 3544 ille
394 3485 513 3560 longior
529 3483 699 3546 terminatio
716 3481 850 3544 Aeolidis
869 3484 931 3542 tam
947 3481 1010 3544 'furit
1025 3487 1146 3561 propria
1166 3492 1201 3548 ut
1222 3488 1259 3550 ab

174 3585 301 3646 Homeri
314 3587 446 3672 Ionismo
459 3588 558 3648 aliena
570 3587 759 3660 iudiearetun
781 3585 880 3663 potius
893 3584 1025 3660 uulgaris
1041 3585 1099 3648 fuit
1112 3587 1146 3647 in
1160 3588 1259 3664 οχοίην

176 3691 208 3746 et
228 3687 332 3746 Ionios
358 3689 392 3746 in
416 3679 539 3765 εὖροίην
566 3689 619 3766 (ox
640 3687 783 3764 Hippoor.
810 3709 839 3754 r.
861 3687 1006 3750 Matthiae
1031 3705 1074 3762 gr.
1094 3689 1119 3746 I.
1141 3709 1170 3764 p.
1187 3695 1257 3750 443.

173 3785 314 3863 Spitnaer
334 3790 380 3848 ed‘
388 3788 420 3866 l)
443 3794 475 3849 et
494 3790 604 3848 Doriea
623 3789 657 3848 in
678 3787 844 3866 πιπαγοίηα
865 3809 904 3850 ex
921 3787 1076 3865 Eupolidis
1097 3787 1260 3852 Halotibus

175 3888 330 3966 desumpto
353 3889 393 3968 (v.
411 3890 484 3948 Ahr.
499 3891 541 3948 II.
563 3909 592 3964 p.
608 3888 682 3966 330)
703 3893 736 3950 et
756 3890 856 3950 Attiea
875 3891 909 3949 in
930 3887 1096 3968 πεπηχοίηο
1116 3889 1157 3966 (v.
1176 3891 1257 3952 Ourt.

175 3989 212 4048 de
232 3993 324 4068 temp.
345 4011 374 4067 p.
388 3990 474 4068 258).
1013 3992 1016 3996 ’

263 4092 295 4170 ὅ)
317 4096 417 4172 Atque
437 4092 459 4150 ii
482 4090 665 4168 grammatioi
684 4091 760 4152 bene
781 4091 858 4168 lapsi
879 4095 949 4152 sunt
970 4092 1022 4170 qui
1041 4091 1191 4166 longiores
1211 4091 1257 4154 in·

176 4191 309 4254 finitiros
330 4195 362 4252 in
383 4212 496 4270 -ιμιναι
517 4212 592 4272 quos
611 4194 759 4252 Homerus
787 4211 826 4251 ex
847 4193 1034 4271 antiquitatis
1055 4211 1112 4254 usu
1132 4191 1258 4252 retinuit

175 4293 312 4355 Aeolieos
326 4300 478 4369 vocarunt,
499 4294 583 4355 velut
596 4294 687 4354 sehol.
703 4294 737 4354 L.
756 4293 793 4352 ad
806 4284 967 4368 χολοίοεμεν
982 4294 1021 4350 Α.
1038 4296 1093 4353 78:
1114 4309 1183 4367 ιμεν
1196 4293 1257 4353 τῶν

175 4390 364 4473 Δωριέων-
376 4393 497 4474 (ἐκεῖνοι
517 4387 573 4475 γὰρ
594 4386 631 4455 τὰ
654 4390 695 4464 sle
716 4412 761 4454 ειν
782 4389 823 4463 εἰς
839 4411 905 4470 suso
919 4394 1125 4470 μειαποιοῦσι·
1148 4385 1257 4470 τύψειν

176 4493 379 4510 ——u——-

245 4529 287 4594 36)
305 4531 343 4580 Ol.
361 4532 448 4579 Lehrs.
466 4533 560 4589 quaest.
578 4531 639 4592 apio.
657 4529 687 4578 de
704 4528 800 4590 Apione
817 4544 841 4590 p.
855 4529 895 4575 12.
