3126 5256
811 413 854 482 92

287 565 369 642 volo)
390 565 505 628 adiecta
529 575 575 628 est
602 567 650 644 (cf.
672 561 752 626 aba
774 561 895 642 αδδομαι
909 561 993 642 pito
1016 551 1104 630 utto
1122 567 1202 628 Curt-
1229 567 1268 626 δα
1289 567 1408 630 verb.

286 687 315 744 p.
333 667 425 745 207.)
470 668 556 730 Aliae
577 668 667 732 otiam
689 669 821 745 duplicas
842 669 954 730 fornae
976 669 1008 730 in
1036 687 1160 748 quanam
1188 669 1284 732 nitere
1320 669 1407 746 spi·

286 769 381 830 rantis
409 769 430 845 j
462 771 620 848 autigium
650 771 839 848 perspicuum
868 772 900 831 in
928 769 1023 832 altere
1053 770 1234 832 exstinctum
1263 777 1315 832 est
1361 772 1408 832 in

287 870 456 934 Homericis
478 871 658 934 carminibus
682 873 761 934 haud
775 892 842 932 rere
858 872 1013 948 leguntur:
1037 866 1173 948 αἰδέομαι
1198 871 1232 932 Ζ.
1247 877 1326 934 442.
1345 909 1406 918 --

287 969 451 1049 αἰδομένων
468 975 503 1032 E.
518 965 587 1034 531.
604 981 658 1036 etc.
681 969 837 1051 μαχδονται
863 974 898 1034 Β.
910 979 981 1035 366.
998 1005 1038 1018 -
1054 966 1228 1050 μαχόμεσθα
1247 973 1287 1032 Η.
1300 979 1402 1037 ³62.

287 1071 400 1150 μεδέων
430 1075 471 1136 Π.
492 1081 562 1136 284.
592 1067 756 1152 μεδήσομαι
781 1076 806 1133 Ι.
824 1080 894 1137 650.
917 1107 957 1120 -
988 1069 1088 1150 μέδων
1115 1097 1143 1134 α.
1170 1076 1218 1139 72.
1246 1069 1400 1150 μδδοναο

287 1176 327 1236 a.
347 1183 379 1249 2,
402 1176 438 1236 de
461 1178 569 1258 quibus
591 1178 654 1255 agit
674 1179 793 1240 curtim
815 1179 851 1238 de
873 1177 965 1239 verbo
987 1197 1015 1255 p.
1033 1181 1093 1236 385
1117 1197 1161 1256 sq.
1178 1181 1248 1240 295.

371 1278 428 1338 Sed
451 1279 510 1340 iam
531 1286 648 1358 tompus
670 1287 715 1343 est
737 1281 773 1340 de
795 1279 899 1340 formis
919 1278 1033 1360 aliquid
1053 1278 1159 1342 dicere.

728 1445 931 1460 ...ιι-,ὑψ-

680 1583 793 1683 deprt
817 1576 974 1658 cndu.

590 1719 639 1786 De
660 1718 820 1784 nominum
842 1715 1062 1785 declinatione.

424 1874 449 1952 §.
477 1878 521 1934 10.
566 1875 618 1934 De
641 1874 859 1954 quibusdam
880 1874 1230 1936 terminationibus.

372 1994 519 2059 Quoniam
543 1996 579 2055 de
601 1993 757 2072 psrmnllis
777 2011 854 2074 quae
875 1993 934 2054 huc
961 1992 1113 2069 pertinent
1130 1994 1189 2054 iam
1206 2013 1296 2072 supra
1312 1994 1374 2062 dis:

286 2103 421 2176 putatum
443 2104 489 2158 eet
503 2097 605 2174 paucis
618 2099 676 2158 boo
690 2095 754 2156 loco
771 2097 806 2156 de
821 2094 1080 2157 terminationibus
1095 2096 1251 2158 adnotabo.
1296 2096 1375 2158 Sunt

285 2203 377 2277 igitur
399 2218 501 2259 omnes
521 2199 585 2258 iere
606 2217 701 2280 aeque
723 2219 762 2258 ex
784 2196 991 2278 antiquissima
1018 2197 1160 2258 memoria
1180 2199 1213 2258 in
1235 2205 1298 2260 tota
1318 2217 1372 2260 ve·

285 2309 348 2362 tere
370 2303 473 2377 lingna
494 2301 690 2382 omnibusque
712 2301 844 2362 dialectis
866 2301 1070 2371 conservatae,
1095 2319 1171 2378 quae
1185 2301 1369 2376 grammatici

288 2423 341 2464 suo
371 2424 452 2464 more
484 2405 572 2464 certis
601 2403 734 2463 dialectis
763 2401 952 2461 vindicarunt
980 2417 1019 2458 ax
1046 2399 1152 2481 hisque
1181 2404 1218 2463 ad
1246 2403 1369 2464 aliarum

287 2525 376 2566 voces
398 2507 600 2583 explanandas
621 2510 732 2564 temere
755 2523 789 2564 aa
811 2503 875 2562 sine
896 2499 1011 2560 satieris
1034 2503 1241 2566 adhibuerunt

376 2607 404 2684 1)
426 2608 637 2669 Genetirorum
666 2606 778 2684 primae
806 2600 1013 2664 declinationis
1038 2603 1071 2664 in
1094 2625 1130 2666 αο
1159 2613 1190 2668 et
1211 2627 1275 2667 αων
1297 2627 1370 2688 qno·

286 2729 352 2770 rum
374 2731 446 2772 usus
466 2709 583 2770 Acolidi
605 2710 655 2770 vel
676 2709 833 2770 Boeoticae
855 2705 980 2766 dialecto
1003 2705 1145 2768 tribuitur
1166 2715 1270 2770 ecana
1288 2709 1370 2772 loni·

286 2833 353 2874 oum
375 2831 434 2872 -εω
458 2822 489 2874 et
511 2831 584 2872 ·εων
606 2811 743 2889 example
756 2808 917 2870 Homerica
929 2808 1004 2868 haec
1025 2809 1210 2875 obtuleruntc
1232 2808 1370 2892 Aoiproo

287 2908 450 2975 Bormonis
477 2936 532 2993 pro
553 2917 618 2976 Ion.
642 2909 781 2994 Λαδρνεω
803 2911 831 2972 δ.
850 2915 919 2970 555.
950 2900 1051 2986 (indm
1077 2913 1112 2972 T.
1134 2918 1159 2973 1.
1185 2907 1329 2986 Βοιώτιος
1350 2905 1371 2992 ἡ

287 3009 377 3091 φωνή
406 3010 568 3092 μελισσάων
598 3010 783 3094 ἐρχομενάων
808 3012 931 3076 Aeolica
959 3009 1001 3088 (v.
1030 3010 1056 3090 ς.
1079 3021 1113 3088 9,
1137 3017 1178 3093 3.)
1209 3008 1369 3090 cromaco

286 3118 440 3178 Aeolicum
462 3139 515 3196 pro
537 3120 646 3180 Dorico
670 3113 823 3194 αεφαλδων
846 3121 877 3176 Γ.
895 3120 957 3178 273
980 3113 1021 3190 (v.
1038 3116 1149 3179 Herod.
1172 3138 1203 3178 ιι.
1228 3122 1303 3178 aad.
1326 3121 1368 3180 Π.

286 3240 314 3296 p.
330 3219 408 3298 229)
430 3221 496 3280 alia.

372 3321 404 3398 2)
427 3323 520 3384 Plena
546 3324 678 3401 genetivi
706 3343 762 3384 sec.
793 3323 865 3384 decl.
886 3325 983 3386 forma
1005 3344 1051 3384 οιο
1080 3343 1157 3403 quse
1179 3341 1222 3406 cx¹
1240 3323 1370 3399 genuino

286 3425 395 3486 suffixo
417 3427 508 3502 o·ojc
530 3427 668 3488 sibilante
691 3425 785 3486 eiecta
801 3430 866 3487 orta
887 3432 946 3502 est,
968 3426 1132 3505 posteriore
1148 3444 1220 3486 vero
1236 3429 1371 3503 tempere

288 3527 377 3587 stiam
399 3527 495 3587 vocali
518 3551 528 3588 ι
550 3530 675 3607 explosa
695 3529 773 3605 apud
790 3529 898 3590 Aeoles
919 3536 951 3591 at
964 3531 1060 3590 Dones
1081 3529 1114 3588 in
1136 3528 1260 3604 capud
1284 3529 1371 3588 lones

288 3637 319 3692 ct
340 3629 456 3690 Atticos
478 3632 509 3690 in
532 3651 569 3690 ον
591 3631 701 3694 coaluit
722 3631 921 3708 grammaticis
942 3651 1049 3709 magno
1078 3649 1225 3692 conwnsu
1246 3629 1370 3692 Thessa-

286 3732 344 3794 lioa
364 3733 437 3806 luit,
459 3733 611 3792 nonnullis
626 3733 715 3793 etiam
731 3733 854 3794 Aeolica
867 3739 898 3794 et
912 3735 1053 3796 Bosotica
1068 3737 1109 3812 (v.
1126 3735 1197 3792 ihr.
1213 3733 1238 3793 1.
1257 3753 1284 3810 p.
1302 3736 1336 3790 ll
1346 3737 1369 3792 l.

288 3841 358 3895 20⁴.
376 3841 446 3894 221.
470 3835 512 3893 Il.
529 3855 558 3912 p.
572 3840 647 3896 510:
670 3835 784 3913 θεοῖο);
812 3842 844 3897 at
865 3835 1015 3897 Homerus
1042 3843 1123 3897 corto
1152 3855 1191 3895 er
1213 3839 1370 3896 consuetu·

285 3938 355 3998 dine
376 3937 583 4022 antiquissima
604 3955 622 3996 e
644 3953 703 4017 qua
722 3938 926 4000 verisimiliter
948 3959 985 4000 ns
1008 3932 1158 4001 leniamus
1182 3938 1301 4018 quidem
1319 3956 1370 3997 ee-

285 4045 334 4100 tus
362 4040 518 4102 abhorruit
544 4057 609 4100 eam
631 4040 765 4102 adscivit.
819 4043 857 4101 In
879 4061 992 4106 cassim
1019 4059 1091 4103 vero
1115 4040 1263 4100 dmeisius
1284 4060 1312 4117 p.
1329 4043 1367 4100 41

286 4141 441 4216 genetivcs
463 4144 494 4200 in
518 4161 554 4202 αο
578 4161 640 4201 οων
661 4162 708 4202 οιο
731 4163 796 4203 oum
818 4144 944 4206 forsitan
966 4143 1126 4208 Homerica
1146 4147 1243 4202 aelata
1270 4141 1303 4199 in
1324 4142 1370 4200 vi-

284 4241 354 4308 vido
381 4245 488 4305 Ionum
515 4262 651 4308 sermone
678 4246 891 4322 exolevisscnt,
919 4267 958 4308 ox
981 4247 1103 4308 Aeolica
1129 4242 1212 4322 poesi
1240 4246 1372 4309 retentos
