3424 5386
909 387 949 452 14

382 544 554 621 barytcnesi
569 543 721 618 cogitasse,
745 543 825 620 quod
841 543 987 604 Ameisius
1009 563 1037 620 p.
1058 547 1094 602 14
1108 543 1137 620 8)
1159 543 1366 603 confidentius
1389 545 1531 620 posuit

384 646 545 723 suspicans,
569 665 635 704 eum
656 644 710 703 illa
730 644 789 705 tria
803 663 842 704 ex
857 629 979 705 Aeolida
1000 644 1083 722 poesi
1099 646 1255 719 derivasse,
1278 646 1405 706 ceteris
1424 663 1525 706 vero

383 749 535 824 vulgarem
557 753 710 808 accentum
730 747 899 822 inposuisse
921 747 990 826 quia
1005 765 1105 808 earum
1127 749 1217 808 etiarn
1231 753 1376 808 exstaret
1393 749 1523 807 forma

383 853 416 910 in
430 869 476 926 ης,
499 867 608 930 easque
623 850 783 908 secundum
797 847 915 906 illarum
930 850 1097 926 analogiam
1111 852 1309 910 conformatas
1327 869 1412 908 esse
1431 851 1517 909 exi-

384 953 526 1013 stimasse.
570 951 627 1009 Sed
644 969 692 1009 res
706 950 834 1010 maxime
849 951 940 1010 dubia
959 958 1018 1024 est3
1040 952 1111 1013 licet
1130 959 1230 1012 tamen
1251 953 1391 1012 fortasse
1410 971 1512 1011 nunc

383 1075 449 1114 cum
469 1051 626 1112 Eustathio
649 1071 677 1128 p.
696 1053 744 1126 57,
761 1057 788 1112 4.
813 1053 861 1126 75,
882 1055 1002 1113 19-37
1026 1054 1059 1113 in
1072 1053 1133 1113 illis
1148 1053 1302 1114 Aeolicum
1318 1060 1508 1114 accentum

382 1173 542 1233 agnoscere
565 1155 685 1232 (Bergk.
708 1176 736 1232 p.
751 1161 800 1228 90,
823 1175 852 1214 n.
871 1155 958 1232 102),
990 1157 1014 1215 si
1036 1156 1115 1218 idem
1136 1155 1184 1214 his
1205 1156 1356 1216 vindicari
1383 1158 1502 1216 debet.

383 1260 432 1336 (cf.
448 1263 601 1335 praeterea
615 1257 712 1316 Reiaii
726 1259 793 1316 adn.
810 1259 846 1317 ad
861 1257 963 1317 Wolfii
979 1258 1101 1317 Hesiod.
1119 1258 1228 1334 Theop.
1243 1279 1271 1319 v.
1288 1264 1365 1332 914,
1392 1275 1499 1338 quam

382 1361 557 1421 Schacderus
579 1358 735 1436 adscripsit
757 1361 793 1419 ad
815 1360 903 1435 Greg.
926 1359 1058 1418 Corinth.
1080 1379 1108 1437 p.
1125 1357 1221 1441 97l8.)
1294 1429 1299 1439 ι

468 1462 500 1537 2)
521 1461 601 1521 Male
623 1462 725 1521 Ameis
745 1481 835 1523 vocas
857 1457 970 1539 ἕτοιμος,
997 1452 1117 1540 ι’λγορις,
1140 1450 1224 1532 οὖλος
1245 1463 1411 1522 Aeolicum
1436 1481 1492 1522 ac-

383 1572 501 1627 centum
523 1565 634 1623 habere
655 1563 765 1635 voluit3
795 1581 893 1644 neque
915 1564 987 1624 satis
1009 1570 1125 1626 constat
1145 1571 1244 1625 utrum
1271 1563 1403 1643 κίθαρις
1426 1583 1488 1642 pro

383 1661 497 1743 κιθάρα
519 1676 550 1725 et
564 1657 631 1722 ν’λιιὶ
646 1665 726 1744 quod
742 1665 859 1742 vulgari
873 1666 1050 1726 instructum
1072 1675 1125 1740 est,
1147 1687 1201 1744 pro
1218 1660 1294 1750 ιἰλνῇ
1315 1667 1486 1726 Aeolicum

381 1770 480 1833 fuerit.
512 1767 676 1846 (§.13,5.)

469 1870 500 1947 3)
521 1871 605 1928 Inter
627 1868 773 1929 adiective
793 1869 903 1930 formas
924 1870 1098 1931 Homericae
1120 1863 1190 1946 ζᾶης
1216 1875 1247 1930 et
1267 1863 1341 1947 ζάην
1370 1877 1481 1931 contra

381 1973 547 2036 Aristarchi
574 1975 606 2031 st
631 1971 798 2030 Herodiani
823 1971 1031 2034 auctoritatem
1057 1973 1179 2034 Aeolica
1207 1974 1379 2033 scribendas
1409 1991 1478 2032 esse

377 2097 496 2162 1οοοεοο.
528 2073 567 2153 (S.
585 2079 633 2148 13,
651 2075 692 2150 8.)

467 2177 498 2255 4)
520 2178 615 2236 Recta
629 2193 701 2234 sane
714 2176 902 2254 berytonesis
923 2182 969 2237 est
985 2178 1196 2254 pronominum
1210 2179 1400 2238 Aeoliecrum
1414 2169 1472 2252 ‹ip-

382 2299 434 2358 μες
456 2271 531 2355 ὔμμι
554 2270 632 2352 ἄμμε
654 2269 749 2354 ὔμμες
769 2271 846 2353 ὔμμι
867 2270 960 2354 ὔμμες
991 2280 1066 2340 levis
1093 2279 1186 2355 igitur
1212 2299 1296 2340 error
1317 2279 1468 2339 Eustachii

380 2383 481 2444 verbis
501 2401 531 2458 p.
548 2386 619 2454 951,
643 2384 660 2437 8
687 2379 727 2455 (v.
750 2382 823 2440 Ahr.
840 2382 863 2439 I.
889 2384 957 2453 125,
976 2387 1003 2440 8.
1034 2381 1167 2441 Laroche
1188 2401 1218 2458 p.
1235 2382 1309 2459 369)
1330 2383 1424 2442 inest:
1446 2373 1467 2457 ἡ

382 2481 415 2544 δὲ
436 2483 491 2542 τοῦ
510 2475 586 2558 ὔμμι
608 2479 740 2540 ἐνταῦθα
762 2480 889 2556 ψίλωσις
909 2479 961 2541 καὶ
983 2475 1155 2559 όξυιόνησις
1180 2484 1249 2561 (leg.
1271 2481 1388 2562 βαρυι.)
1415 2482 1464 2543 κοιλ

381 2580 403 2664 ο)
425 2584 457 2646 ἐν
479 2579 562 2668 αὐτῷ
583 2577 689 2660 διπλόη
711 2585 765 2642 τοῦ
793 2585 833 2660 μῦ
856 2575 948 2662 καὶὴ
974 2578 1090 2662 annona}
1113 2587 1166 2644 τοῦ
1189 2583 1206 2643 a
1228 2583 1361 2646 Αἰολέων
1383 2583 1462 2645 εἰολν.

382 2691 420 2772 (5.
437 2697 465 2751 2.
486 2691 529 2749 ΙΙ.
548 2694 574 2747 1.
595 2686 620 2762 ἓ.
638 2689 666 2747 7.
688 2689 729 2746 ΙΙ.
747 2693 774 2761 2,
794 2688 873 2775 14.)

469 2795 499 2871 5)
522 2791 666 2851 Verbeia
688 2788 803 2866 μῖιοοοι
824 2791 856 2849 in
871 2788 994 2850 Aeolica
1014 2790 1140 2850 dialecto
1157 2809 1246 2869 quam
1262 2791 1386 2850 maxime
1404 2791 1460 2850 fre·

311 2895 314 2902 “
383 2901 527 2978 quentata
548 2899 655 2966 essent,
677 2892 884 2970 grammaticos
905 2910 967 2952 non
987 2907 1054 2952 raro
1076 2893 1109 2951 in
1133 2911 1263 2952 errorem
1284 2894 1458 2952 adducebant

382 3001 417 3056 ut
437 2995 573 3070 vulgaria
596 3015 651 3071 pro
674 2995 804 3055 Aeolicis
827 2995 980 3054 haberent.
1024 2995 1073 3053 Sic
1094 2995 1246 3053 Heraclidi
1257 2993 1287 3072 4)
1310 2997 1384 3074 quod
1403 2995 1456 3073 ay-

381 3096 529 3172 ranni05)
552 3095 586 3151 Β.
604 3101 664 3154 350
686 3097 858 3155 restituerat
879 3097 956 3171 φῆμι
984 3096 1017 3154 in
1038 3095 1124 3155 initio
1146 3117 1264 3169 versus,
1296 3089 1455 3174 βοροιόνος

382 3190 603 3272 Αἰολικιόιερον
624 3198 722 3257 visum
744 3203 808 3256 erat
830 3197 901 3275 quie
929 3189 988 3256 eiad
1017 3197 1070 3255 τοῦ
1095 3198 1145 3269 pai
1171 3190 1204 3255 τὸ
1227 3193 1364 3258 Αἰολικὸν
1384 3198 1453 3274 φημί

383 3307 469 3374 esset,
493 3299 548 3359 etsi
563 3299 666 3358 debuit
685 3301 763 3374 φᾶμι
778 3299 878 3357 audire
902 3297 941 3374 (v.
958 3299 1046 3358 Giese
1062 3305 1132 3374 210,
1157 3302 1245 3378 219);
1267 3309 1298 3362 at
1317 3301 1450 3380 Tyrannio

383 3404 434 3485 qui
448 3403 593 3461 minorem
609 3421 728 3478 operam
744 3401 877 3460 dialectis
893 3403 945 3460 sed
960 3421 1103 3460 summam
1119 3405 1274 3480 prosodiae
1289 3404 1400 3464 navavit
1412 3404 1448 3479 (v.

381 3508 478 3566 Lehrs
498 3508 550 3564 Ar.
572 3523 600 3582 p.
618 3509 688 3577 252,
710 3502 820 3560 Planer
840 3522 869 3579 p.
887 3505 913 3576 7,
940 3505 1090 3583 10—24),
1113 3506 1202 3566 etiam
1223 3505 1285 3565 illic
1307 3507 1341 3564 ds
1360 3505 1448 3564 encliei

380 3611 466 3671 verbi
478 3606 556 3684 φημὶ
569 3605 760 3682 cogitaverat,
779 3606 857 3684 quod
872 3605 984 3682 placuit
994 3606 1126 3681 Lehrsia
1143 3613 1256 3687 quaest.
1268 3609 1339 3684 cpio.
1349 3627 1373 3684 p.
1389 3613 1445 3681 123,

381 3691 541 3784 Bellieno,
565 3711 662 3770 sched.
685 3709 806 3768 Homer.
828 3710 852 3768 Ι.
874 3728 903 3784 p.
921 3709 976 3782 87,
1007 3708 1188 3786 Goettlingio
1212 3711 1248 3768 de
1269 3715 1443 3786 coaptat.

382 3817 492 3874 Eorum
519 3820 618 3874 autem
645 3813 696 3892 qui
724 3803 760 3868 ui
788 3808 831 3879 εἰς
858 3831 891 3887 μι
918 3801 1068 3886 ὖιιὲλοβον
1089 3803 1215 3870 Atellani
1244 3802 1333 3884 εἶναι,
1359 3805 1442 3889 ἐπειδή

449 3983 476 4043 3)
493 3983 567 4029 Pater
579 3983 631 4028 eius
648 3983 674 4028 in
686 3983 793 4044 append.
811 3983 842 4029 ad
855 3997 883 4032 ο).
899 3985 938 4032 10.
956 3982 999 4028 IV.
1017 3998 1044 4042 p.
1059 3985 1089 4031 72
1107 3983 1173 4030 idem
1189 3982 1294 4043 protulit
1305 3983 1440 4044 adstipulans.

449 4070 476 4127 4)
494 4081 533 4127 ap.
545 4065 658 4114 Eustath.
672 4071 745 4128 1613,
766 4071 797 4118 18
810 4067 882 4128 (aar.
895 4069 914 4114 Ι.
929 4071 969 4116 17.
987 4083 1010 4114 n.
1025 4070 1065 4114 31.
1082 4069 1139 4114 134.
1157 4082 1181 4113 n.
1195 4070 1217 4113 1.
1242 4068 1343 4115 Laroch.
1353 4083 1372 4128 p.
1383 4069 1438 4128 373.)

449 4154 476 4211 5)
493 4153 639 4212 cognomine
657 4153 742 4212 Maior,
761 4154 803 4212 qui
818 4153 864 4199 snit
876 4153 1002 4200 Ciceronis
1019 4151 1118 4209 amicus,
1137 4164 1161 4198 ν.
1174 4153 1272 4211 Planci,
1290 4165 1314 4212 p.
1328 4153 1345 4198 3.
1357 4153 1375 4210 3,
1390 4151 1436 4198 Ber·

382 4250 450 4298 says,
469 4238 507 4284 dle
525 4238 630 4297 Dialcge
648 4238 691 4284 (les
709 4239 853 4284 Aristoteles
871 4241 947 4298 p.3l.
963 4235 1019 4283 150.
