3126 5256
651 815 654 820 .
669 747 729 812 157

130 901 364 982 grammaticus
385 903 437 962 ille
458 859 617 962 bistcricus
634 921 733 982 nsque
748 901 921 962 Heraclides
935 900 1078 963 Ponticus
1094 905 1243 967 Eustathii

130 1011 250 1068 auctor
275 1004 413 1080 intellegi
435 995 552 1077 debent,
575 1003 703 1080 speciem
724 1001 849 1062 rationis
870 1005 1128 1065 etauctoritatem
1150 1027 1244 1087 quan·

131 1111 207 1168 dam
228 1105 328 1180 trahi,
351 1110 386 1166 nt
400 1098 671 1166 Alexandrinorum
689 1107 805 1165 demum
827 1105 1012 1181 temporibus
1032 1125 1083 1166 eos
1104 1108 1154 1167 vel
1175 1127 1243 1169 sum

132 1211 190 1289 qui
207 1208 403 1286 postulatum
423 1207 498 1266 illud
519 1207 604 1266 cuius
624 1205 815 1284 „principalis
836 1206 884 1266 vis
904 1207 935 1265 in
952 1207 1069 1268 dialecti
1090 1211 1243 1270 mentione

133 1313 290 1372 constat“
313 1308 434 1386 (Osann.
453 1327 482 1384 p.
499 1309 574 1386 283)
595 1309 690 1368 edidit
709 1309 901 1369 vindicemus.
944 1311 1045 1388 Atque
1065 1311 1104 1380 de
1123 1311 1241 1388 Zopyro

135 1411 315 1493 quominus
337 1402 511 1486 ὁμωνυμίαν
532 1417 695 1478 statuamus
716 1409 869 1484 vulgatum
891 1409 974 1470 inter
985 1409 1112 1470 Graecos
1132 1431 1242 1472 nomeu

135 1533 172 1574 ao
201 1515 279 1574 fere
301 1530 456 1572 commune
482 1513 595 1571 nullan
616 1511 822 1570 difficultatem
851 1511 993 1583 obstruit;
1022 1511 1093 1573 licet
1116 1515 1242 1574 fortasse

136 1614 378 1692 grammaticum
400 1615 547 1693 quendam
568 1613 682 1688 fingere
703 1611 853 1672 Hellanici
877 1613 1031 1697 aequalem
1061 1615 1112 1692 qui
1142 1617 1242 1676 nescio

137 1737 179 1778 an
205 1717 281 1778 eius
303 1717 339 1775 de
357 1713 460 1774 Iliadis
481 1714 607 1774 dialecto
628 1713 737 1774 iudicio
760 1708 968 1789 subscripserit
987 1715 1036 1774 vel
1057 1715 1087 1773 id
1110 1719 1243 1778 severius

139 1817 354 1888 contraxerim
384 1823 485 1878 tamen
513 1817 550 1874 de
578 1836 612 1875 re
641 1834 717 1895 quse
746 1817 783 1875 sd
812 1816 957 1894 liquidum
986 1818 1092 1896 nequit
1120 1819 1242 1894 perduci

139 1921 218 2002 nolo
243 1917 375 1979 ariolari.
1233 1933 1237 1940 “

237 2021 300 2080 Sed
321 2019 519 2096 posteriorum
533 2021 789 2094 grammaticorum
811 2019 968 2096 opiniones
988 2039 1161 2097 percurrere
1181 2043 1244 2082 non

144 2122 343 2194 conceditur,
364 2128 462 2182 tamen
486 2123 566 2181 haud
588 2141 606 2180 a
626 2141 698 2181 vero
721 2122 818 2181 eliens
839 2123 1010 2182 coniectura
1031 2142 1095 2184 esse
1110 2126 1243 2201 ridetur,

144 2245 210 2306 qna
233 2229 272 2284 ut
293 2223 426 2299 singulos
447 2225 525 2284 sicut
545 2223 722 2300 Dionysium
743 2223 885 2282 Thracem
907 2225 1072 2284 Aristarchi
1094 2210 1130 2284 de
1146 2228 1246 2286 Attice

143 2326 282 2388 Homeri
304 2325 419 2401 οτίςιιιο
440 2326 607 2386 sententiae
626 2323 821 2400 adstipulatus
842 2341 907 2382 esse
919 2324 984 2402 ²⁸),
1015 2326 1089 2384 alios
1115 2325 1148 2384 in
1169 2327 1243 2388 alias

145 2429 397 2489 incidenteshas
418 2427 468 2487 vel
488 2427 555 2486 illas
575 2416 685 2486 formas
706 2417 899 2502 praetulisse·
914 2425 958 2485 ita
979 2427 1087 2486 multos
1109 2429 1244 2488 doctrina

148 2533 188 2590 de
210 2529 349 2592 dialectis
370 2534 520 2590 crescente
543 2548 631 2609 quam
652 2527 794 2605 plurimas
815 2528 865 2587 vel
886 2545 988 2587 omnes
1004 2526 1144 2589 dialectos
1165 2531 1245 2606 apud

148 2633 323 2694 Homerum
355 2630 512 2706 agnovisse
544 2631 734 2707 suspicamur.
786 2628 835 2690 Sic
864 2616 1025 2689 Boeotismi
1056 2630 1245 2692 Thessalismi

150 2732 309 2795 Atticismi
331 2731 460 2791 Dorismi
482 2731 639 2792 Aetolismi
665 2731 717 2791 alii
740 2729 965 2808 soloecismili)
989 2731 1168 2814 ubicumque
1193 2736 1245 2794 cb-

150 2837 271 2896 soletae
295 2834 346 2894 vel
373 2833 544 2909 incognitae
572 2836 685 2893 formae
707 2840 793 2894 erant
820 2853 839 2892 a
867 2836 1077 2910 grammaticis,
1107 2837 1159 2916 qui
1186 2857 1247 2896 non

150 2936 246 2997 multi
273 2935 305 2994 in
327 2937 495 3015 quaerendo
525 2937 661 3008 fuerunt,
693 2941 793 2994 uuum
815 2936 1030 3010 discrepantiae
1059 2947 1158 2997 essent
1185 2939 1247 2998 dia·

149 3040 302 3099 lectorum
323 3057 369 3096 an
383 3035 514 3095 eiusdem
535 3037 680 3094 sermonis
702 3054 761 3115 quo
779 3044 872 3112 poeta
893 3038 1033 3095 utebatur
1053 3047 1147 3097 status
1168 3041 1247 3098 anti-

152 3139 273 3220 quioris
294 3138 442 3215 propriae,
473 3136 643 3214 saepissime
671 3137 871 3196 venditantur.
914 3137 1125 3218 Undecumque
1152 3138 1245 3220 igitur

139 3245 269 3317 termas
291 3245 322 3300 et
342 3259 431 3301 voces
452 3239 605 3315 etiamtum
626 3225 758 3297 servatas
781 3238 916 3298 doctrina
936 3242 1165 3313 converrebant,
1197 3242 1244 3300 in·

152 3345 257 3403 didem
278 3361 328 3402 eas
350 3361 368 3400 a
389 3346 478 3418 poeta
499 3357 630 3400 corrases
648 3357 712 3398 esse
734 3341 912 3412 statuebant,
935 3341 1020 3421 quasi
1042 3342 1109 3401 usui
1127 3343 1244 3418 poetico

152 3446 233 3506 haec
254 3444 381 3504 mistio
410 3442 616 3503 arbitraria
636 3441 739 3506 innata
765 3444 796 3500 et
823 3439 914 3500 insita
935 3449 1013 3502 esset
1037 3463 1135 3524 neque
1158 3462 1245 3522 opor.
1310 3461 1311 3467 ν

153 3549 236 3607 teret
256 3551 291 3606 ut
309 3546 390 3605 iuter
411 3563 460 3604 ess
481 3549 585 3621 gentes
606 3563 731 3623 quarum
747 3561 897 3602 sermones
918 3544 1132 3608 adhiberentur
1151 3549 1245 3608 inter-

156 3650 276 3708 cederet
297 3647 397 3726 aliqua
417 3647 612 3707 necessitudo.
656 3647 744 3704 Hanc
758 3651 856 3704 autem
876 3644 992 3703 futilem
1010 3649 1156 3708 rationem
1176 3652 1245 3710 rhe-

155 3749 273 3810 toribus
293 3747 379 3810 valde
400 3747 547 3826 placuisse
561 3749 615 3810 vix
636 3747 759 3807 mireris.
802 3748 839 3804 Iu
861 3747 1064 3805 eummodum
1077 3749 1135 3808 Dio
1151 3752 1244 3830 Chry·

156 3856 305 3911 sestomus
324 3851 418 3910 verba
438 3851 510 3911 fecit
530 3851 563 3908 in
586 3868 627 3908 or.
648 3849 704 3908 XI.
727 3841 799 3926 (λόγ.
823 3847 944 3926 Τμωϊκ.)
967 3844 993 3924 5.
1012 3853 1051 3906 23
1074 3851 1119 3908 ed.
1136 3851 1244 3928 Empe·

155 3953 236 4012 rius:
259 3942 299 4020 νίς
321 3944 358 4010 οὗ
381 3945 475 4026 μόνον
498 3944 564 4023 lida
585 3945 667 4031 αὐτῷ
689 3941 835 4028 (Ὁμήρῳ)
857 3942 909 4018 τοὶς
924 3941 1010 4018 ἄλλοις
1028 3943 1157 4027 γλώττας
1178 3971 1244 4030 μιγ-

156 4046 240 4112 νύειν
261 4044 315 4121 τοὶς
335 4054 395 4111 sois
415 4044 561 4129 Ἑλλήνων
575 4050 626 4112 καί
640 4070 711 4111 ποτε
730 4045 787 4126 μὲνΙ
800 4047 945 4124 αἰολίζειν,
967 4045 1086 4111 mosidi
1100 4048 1243 4130 δωρίζειν,

156 4149 229 4214 ποτὲ
252 4149 284 4213 δὲ
313 4148 402 4226 ίοίζειν
424 4146 496 4214 oillei
520 4151 571 4214 καί
594 4151 701 4214 Διαστλ
723 4149 935 4233 διαλέγεσθαι,
956 4159 987 4214 et
1008 4173 1048 4213 or.
1067 4153 1140 4212 XII.
1169 4147 1242 4234 (λόγ.

152 4249 348 4334 Ὀλυμπιονι.)
370 4253 396 4334 5.
415 4263 471 4318 66ι
494 4249 516 4333 ἡ
536 4251 568 4316 dl
590 4257 649 4314 suiv
671 4257 804 4331 ποιητῶν
825 4253 908 4332 τέχνη
930 4247 1009 4332 μάλα
1032 4247 1171 4330 uidetis
1191 4251 1242 4314 καί

158 4349 354 4432 ἀνεπίληπτος
369 4350 461 4428 ἄλλως
475 4377 506 4417 τε
525 4349 674 4438 Ὀμήρου,
697 4361 751 4418 τοῦ
770 4356 906 4436 πλείστην
921 4349 1047 4438 ἄγοντος
1063 4355 1242 4438 ποῤῥησίοιν,

228 4495 271 4554 18)
289 4508 314 4540 v.
331 4493 420 4540 Philol.
438 4493 492 4540 vn.
510 4508 535 4554 p.
549 4496 606 4542 373.
688 4533 690 4537 ,

229 4578 272 4638 19)
289 4577 318 4624 οί.
337 4575 446 4625 Gicsium
464 4580 561 4637 μ.197.
587 4577 679 4636 Bergk.
698 4593 723 4638 p.
737 4579 793 4626 450.
