3424 5386
791 491 831 556 69

261 637 360 715 κυνός
377 664 540 724 conparans
557 645 645 726 (Gies.
663 668 690 724 p.
708 645 788 723 11'7).
826 649 932 728 Itaque
949 668 1014 706 oum
1034 648 1169 706 omnibus
1187 647 1352 706 rationibus

262 767 373 824 parum
390 750 530 826 procedat
545 770 641 829 neque
656 750 810 810 Giesianae
830 749 1015 827 reperiantur
1030 749 1182 827 analogiae
1197 748 1230 808 in
1241 749 1353 808 Graeca

263 849 384 926 lingua,
415 851 543 910 libenter
572 869 637 912 cum
666 853 812 913 Ahrensio
840 853 916 912 facio
946 852 1118 911 adfirmante
1142 853 1165 909 Ι.
1187 871 1217 927 p.
1231 850 1286 925 79,
1310 851 1350 908 Il.

264 971 297 1028 p.
311 956 380 1026 581,
400 955 436 1012 de
451 954 527 1014 mist.
544 954 621 1014 diall.
640 975 666 1031 p.
680 956 696 1013 7
701 961 719 1013 4
734 957 812 1032 apud
822 955 1005 1034 Hesychium
1021 947 1150 1014 errorem
1164 973 1242 1024 esse;
1263 953 1351 1013 etiam

265 1054 378 1114 Dorica
398 1056 494 1115 forma
508 1052 637 1136 τέτταρες
653 1061 683 1116 et
697 1057 844 1118 Ahrensio
860 1059 901 1116 11.
918 1078 945 1134 p.
960 1058 1020 1115 279
1044 1064 1074 1116 et
1089 1056 1206 1115 Allenio
1221 1055 1254 1112 in
1270 1055 1349 1115 (λινοῖ.

263 1155 425 1216 seuam.
449 1178 476 1234 p.
488 1164 550 1216 224
572 1159 758 1235 inprobanda
779 1159 943 1219 videbatur.

354 1259 426 1319 (lum
451 1260 566 1340 reliqua
589 1261 727 1322 inmerito
756 1262 815 1322 huo
836 1263 1006 1322 trahantur:
1037 1253 1153 1333 σκύφος
1171 1257 1194 1330 ξ.
1215 1264 1274 1319 112
1296 1278 1349 1335 pro

261 1353 384 1435 σκάφος
399 1362 526 1440 (Gelbke
541 1383 569 1440 p.
585 1363 636 1440 21)
654 1363 724 1444 quia
737 1365 859 1440 vulgare
876 1371 928 1437 θεῖ,
951 1354 1103 1438 penelopem
1118 1362 1249 1440 (resono)
1266 1363 1352 1420 iuxta

263 1457 370 1541 μᾶκαῖν
392 1461 542 1541 μεμᾶκνῖα
556 1466 661 1544 (λεαΙο),
681 1459 847 1545 βρῦχάομαι
864 1465 973 1544 (rugio)
988 1466 1073 1525 iuxta
1088 1461 1193 1544 ἒβρᾶχε
1209 1454 1351 1542 α’νέβρᾶγε

263 1566 385 1643 (resono
400 1569 500 1646 crepo)
512 1568 597 1645 (Ahr.
612 1570 635 1628 I.
653 1589 680 1645 p.
695 1568 748 1648 78)
763 1589 840 1650 quae
855 1569 972 1629 diversa
987 1573 1056 1628 sunt
1070 1569 1160 1629 verba
1175 1587 1212 1641 „a
1227 1566 1350 1628 diversis

263 1669 348 1729 sonis
376 1670 561 1731 naturalibus
590 1672 696 1731 duata“
723 1671 844 1748 (Ameis.
867 1692 894 1748 p.
912 1670 980 1750 21),
1010 1671 1109 1730 statim
1131 1689 1292 1751 persequar
1313 1669 1348 1728 ad

261 1773 391 1832 vocales.

352 1877 392 1933 II.
437 1895 451 1933 ε
472 1879 502 1936 et
525 1898 535 1933 ο
558 1877 593 1934 de
616 1875 724 1955 quibus
745 1875 799 1935 vix
821 1880 866 1936 θεῖ
888 1878 966 1956 quod
988 1877 1090 1936 dicam.

354 1976 384 2054 1)
405 1977 535 2036 Dubium
551 1983 596 2038 est
611 1982 709 2038 utrum
724 1979 893 2038 adtenuatio
910 2000 919 2036 ι
934 1998 988 2056 pro
1004 1998 1017 2035 ε
1039 1998 1127 2059 quam
1142 1979 1172 2036 in
1189 1976 1348 2036 Homerico

261 2077 416 2138 Aeolismo
438 2077 560 2158 πίσυρες
580 2079 835 2156 deprehendimus,
857 2081 961 2141 Ionica
982 2082 1060 2160 quod
1080 2081 1195 2140 Giesiue
1217 2079 1349 2155 accipere

261 2179 362 2240 voluit
383 2181 430 2260 (cf.
448 2182 531 2242 Aeol.
550 2177 652 2258 χὲλλιοι
674 2202 727 2259 pro
750 2180 833 2258 χίλιοι
856 2179 958 2241 ἔλλαθι
980 2201 1033 2260 pro
1056 2181 1140 2242 ἵλαθι
1162 2177 1271 2242 coloro
1293 2200 1347 2258 pro

262 2281 404 2358 ariocopi
425 2285 504 2361 vulg.
527 2280 607 2344 ἑστία
636 2305 689 2361 pro
711 2286 775 2344 Ion.
797 2287 868 2345 Dor.
888 2281 964 2344 ἱστία
986 2283 1075 2362 (loric
1095 2307 1118 2343 τ.
1137 2292 1211 2360 304,
1241 2284 1348 2344 Christ.

261 2406 292 2462 p.
308 2391 357 2446 26.
391 2388 522 2447 Meister.
545 2387 625 2448 Stud.
641 2387 692 2446 IV.
716 2409 745 2466 p.
760 2388 834 2465 375)
862 2408 900 2447 an
928 2388 1049 2448 Aeolica
1075 2394 1197 2450 vocetur
1225 2388 1274 2466 (cf.
1296 2385 1348 2468 τίφ

262 2487 300 2547 S.
312 2489 347 2548 fr.
367 2496 434 2549 104.
450 2488 554 2549 οἴοισιν
574 2492 594 2548 f.
614 2497 682 2549 168.
701 2511 754 2569 pro
771 2491 859 2551 Hom.
877 2487 932 2574 τέῳ
945 2496 1008 2565 etc,
1031 2493 1103 2551 Ahr.
1119 2493 1143 2551 I.
1160 2513 1188 2569 p.
1204 2490 1270 2568 80);
1292 2489 1346 2550 etsi

260 2591 385 2651 minime
399 2597 534 2653 veterum
553 2595 809 2670 grammaticorum
824 2614 904 2654 more
927 2595 1043 2654 mistam
1058 2594 1215 2656 dialectum
1236 2594 1269 2651 in
1289 2609 1348 2649 una

260 2713 336 2754 voce
352 2694 422 2753 licet
436 2713 603 2770 agnoscere,
627 2715 696 2755 sane
711 2697 858 2756 minutula
874 2702 919 2756 θεῖ
933 2696 1088 2756 diversitas
1106 2715 1193 2776 quam
1207 2693 1347 2753 facillime

261 2815 303 2856 ex
325 2794 427 2854 Ionica
448 2797 586 2856 Aeolioac
607 2798 689 2856 vocis
712 2799 954 2873 pronuntiatione
974 2802 1109 2873 repetere
1130 2815 1294 2874 possumus,
1317 2815 1345 2853 v.

261 2899 399 2958 Curtium
419 2920 449 2976 p.
467 2903 536 2958 665.

351 3003 383 3079 2)
404 3003 464 3062 Ηίο
479 3002 626 3062 Αοιθίεἰαε
641 3021 669 3078 p.
683 3006 719 3060 21
738 3001 885 3060 notandus
900 3007 945 3060 θεῖ
960 3003 1039 3081 qnod
1061 3001 1093 3060 in
1108 3001 1263 3061 adiectivis
1278 3019 1346 3060 oon-

261 3104 370 3182 positis
385 3095 536 3184 Δὀψίγονος
558 3096 743 3179 ὄψιεέλεοτος
772 3104 895 3163 formam
918 3097 991 3178 tol,
1020 3105 1104 3163 ouius
1129 3103 1242 3163 vocalis
1264 3103 1346 3178 origo

262 3209 389 3268 obseura
403 3213 448 3268 θεῖ
463 3209 503 3284 (v.
521 3209 598 3268 curt.
617 3229 644 3286 p.
659 3206 740 3284 665),
765 3206 914 3267 Aeolicam
932 3226 985 3283 pro
1002 3199 1061 3282 ὀψὲ
1076 3207 1256 3278 nominavit;
1278 3225 1346 3264 nam

260 3311 346 3370 nulla
367 3330 455 3370 causa
476 3317 521 3372 θεῖ
545 3312 623 3392 quod
644 3301 711 3392 ιἤδη
732 3306 831 3386 μέντοι
846 3305 963 3380 Αἰολεῖς
986 3306 1036 3368 καὶ
1059 3307 1090 3369 ἐν
1106 3301 1184 3394 ὁπλῇ
1202 3309 1345 3392 προφορᾷ

262 3406 315 3473 διαὶ
337 3415 390 3472 τοῦ
410 3418 424 3471 ῖ
448 3407 521 3474 αὐτὸ
545 3405 771 3488 ἀποφαίνονταί
794 3414 829 3474 cf.
845 3413 955 3473 Herod.
971 3433 1001 3470 οε.
1019 3433 1083 3490 μον.
1099 3408 1152 3485 λέξ.
1169 3414 1210 3472 ΙΙ.
1232 3433 1260 3490 p.
1274 3418 1344 3486 932,

263 3522 313 3576 20.
337 3538 368 3576 π.
386 3519 460 3575 παλ).
477 3519 517 3577 Π.
537 3537 565 3593 p.
579 3521 648 3575 355.
678 3537 708 3574 π.
726 3508 848 3594 σχημάτ.
869 3517 908 3575 ΙΙ.
931 3537 960 3594 p.
973 3521 1042 3575 486.
1067 3517 1192 3576 Ahrens.
1205 3517 1229 3573 I.
1251 3535 1279 3591 p.
1295 3519 1343 3572 80.

351 3621 381 3696 3)
404 3619 491 3697 Apud
507 3618 667 3678 Aeolenses
683 3637 696 3676 ε
710 3619 741 3678 in
757 3639 773 3677 ο
796 3618 903 3679 abiisse
924 3639 1028 3696 parum
1048 3623 1163 3680 constat
1184 3619 1267 3677 cuins
1282 3637 1345 3675 mu-

259 3723 384 3784 tationis
398 3723 518 3782 unicum
533 3721 702 3797 exemplum
717 3723 834 3780 Ahrens
849 3742 877 3799 p.
893 3727 931 3781 80
947 3715 1065 3801 ὀρροὶνω
1080 3743 1134 3800 pro
1151 3711 1263 3799 ἐρρολτοο
1281 3737 1344 3778 θεεθ

262 3825 417 3903 cognovit;
438 3843 506 3883 nam
521 3814 646 3901 ὅραετον
662 3828 708 3884 θεῖ
729 3843 783 3901 pro
801 3815 928 3902 ἆραετὸν
943 3837 973 3886 et
995 3818 1116 3903 στρόφον
1139 3844 1192 3901 pro
1209 3814 1342 3900 σοράφω,

262 3951 293 3990 v.
309 3930 381 3988 Ahr.
398 3928 436 3986 ΙΙ.
460 3947 488 4003 p.
503 3931 562 3984 505
575 3946 617 4005 sq.
647 3925 745 3986 Allen.
767 3946 795 4003 p.
812 3931 888 4001 220,
909 3929 1034 3988 fortasse
1055 3933 1154 3986 autem
1177 3917 1344 4005 γνόφαλλον

264 4036 312 4092 θεῖ
332 4051 386 4108 pro
406 4024 571 4102 κνέφαλλον
593 4029 605 4106 (
627 4026 796 4108 .§.e.11);
821 4033 920 4090 tamen
937 4023 1119 4110 ἐγρήγορθαι
1140 4029 1193 4089 vix
1216 4030 1286 4089 licet
1307 4031 1344 4089 ab

263 4153 300 4194 ea
321 4137 456 4209 repetere
479 4129 517 4210 (ξ.
535 4135 558 4190 1.
576 4130 617 4208 6).

349 4237 406 4295 ΙΠ.
444 4255 469 4294 ο.

349 4337 466 4424 Vocalia
489 4358 504 4396 ο
528 4337 752 4398 offuscationem
778 4341 810 4398 in
840 4361 858 4397 v
881 4342 988 4401 Acolee
1017 4360 1123 4416 magno
1153 4362 1219 4402 cum
1247 4341 1343 4404 studio

263 4441 461 4518 adfectarent,
489 4441 571 4505 mnus
594 4448 673 4505 certa
694 4443 830 4528 exempla
852 4462 890 4510 er
911 4445 1042 4534 Homero
1063 4445 1158 4514 habeo
1181 4447 1269 4512 haec:
