3424 5386
794 445 831 512 71

264 601 484 676 παρειςήλθεν·
508 635 550 644 -
573 597 599 658 εἰ
619 594 674 678 γάρ
697 593 732 658 ιά
755 594 971 680 παρειςὸόονεα
993 603 1052 661 τῶν
1073 598 1229 660 διαλέκτων
1246 596 1304 660 οὐκ
1324 597 1355 660 έν

264 703 312 782 τῷ
328 694 474 773 καθόλου,
497 695 575 773 ἀπαξ
596 697 627 760 δέ
645 704 715 774 ποῦ,
739 697 805 762 λθοό
828 695 884 781 γάρ
899 698 1058 776 κακόξενος
1075 698 1227 776 φιλόξενος
1243 697 1354 775 ἀξενος,

266 797 344 864 ἀλλά
362 797 394 862 τό
415 797 558 875 Εὔξεινος
573 804 625 885 (τῷ
642 827 653 862 ι
673 799 777 874 Ἰακῶς
793 800 969 884 πλεονάσαν)
985 803 1035 865 καλ
1053 799 1168 877 ἀφοδος
1186 800 1355 884 ἀφορισμός

267 900 394 983 ἀφορία,
415 905 455 966 ἓν,
472 901 503 966 (λέ
526 900 558 966 τό
583 899 750 981 ἀπηλιώτης
770 902 825 984 χρη
848 899 906 982 ἀρα
929 906 979 966 καὶ
1000 901 1054 984 τὴν
1071 899 1259 982 ἀστυνομίαν
1275 903 1353 979 ἀπαξ

267 1005 417 1086 εἰρῆσθαι.
463 1010 573 1070 'lamen
588 1010 725 1086 exempla
747 1031 807 1070 non
822 1019 890 1087 apte
908 1011 1006 1085 elegit
1029 1030 1096 1070 nam
1112 1011 1264 1070 nominum
1286 1031 1353 1086 pro·

265 1112 401 1188 priorum
423 1113 481 1172 alia
502 1121 549 1172 eet
563 1113 696 1173 eondioio
712 1133 809 1193 neque
832 1120 878 1174 est
891 1114 1008 1172 Atticae
1023 1113 1105 1173 vonis
1119 1113 1237 1189 psilosis
1252 1113 1355 1172 Ioniae

265 1215 321 1274 sed
342 1214 469 1290 pristina
499 1221 529 1274 et
552 1216 720 1291 originaria.
765 1215 838 1274 Tum
867 1216 961 1276 addit:
991 1217 1055 1284 πῶς
1082 1210 1113 1272 δὲ
1141 1209 1207 1290 οὐγλ
1236 1215 1354 1291 γελοίως

263 1309 411 1377 Αλολιιιόυ
432 1313 576 1396 εἰρήσεται
597 1311 630 1376 τό
654 1311 819 1395 λεραόνυμος
847 1315 897 1375 καὶ
922 1314 964 1375 έιι
991 1309 1025 1374 τό
1048 1307 1206 1392 όμεόνυμος
1228 1310 1351 1374 δασυνό-

263 1437 356 1494 μενα,·
388 1421 424 1478 In
447 1421 586 1482 universa
607 1420 725 1502 quidam
749 1419 915 1480 Graeoitete
943 1438 980 1478 ea
999 1418 1110 1480 vocalis
1137 1420 1232 1478 valuit
1253 1439 1352 1479 none

262 1521 425 1598 singularis
447 1522 562 1584 dialecti
586 1521 782 1598 proprietate,
812 1523 863 1582 sed
890 1541 906 1580 e
928 1524 1076 1580 oommnni
1098 1522 1217 1597 linguae
1239 1521 1351 1591 indole;

261 1623 385 1684 Curtius
407 1631 504 1684 eutem
527 1644 556 1701 p.
571 1625 631 1682 667
656 1625 851 1700 euphouioam
872 1625 965 1683 fnisse
987 1642 1118 1696 oausam,
1141 1643 1217 1704 quae
1240 1643 1353 1684 munna

261 1745 331 1786 omn
355 1729 469 1788 oautele
490 1745 560 1786 sane
582 1725 764 1786 admovenda
781 1735 826 1786 est
848 1734 948 1786 tamen
970 1726 1207 1801 agrammatioae
1229 1726 1351 1785 rationi-

260 1829 321 1890 bus
343 1809 404 1886 non
419 1847 539 1904 prorsus
554 1829 702 1900 obhorret,
726 1829 851 1888 eredidit
865 1836 899 1887 ut
913 1829 1076 1888 evitaretur
1091 1833 1250 1888 oonoentus
1265 1847 1350 1888 voea-

260 1929 338 1988 lium
361 1935 451 2009 atque
473 1929 531 1988 ium
554 1937 670 1993 veteres
692 1931 873 2005 grammatici
896 1922 992 2003 ὄνομα
1014 1931 1158 1990 notabant
1179 1922 1197 1988 ὅ
1221 1927 1278 1988 ἔστι
1297 1951 1349 2004 μο-

260 2031 368 2106 νῆρες·
400 2025 489 2090 οὐδὲν
516 2024 571 2109 γάρ
594 2027 636 2100 εἰς
656 2031 698 2106 ’μίῑ
720 2031 812 2110 λῆγον
835 2025 993 2108 οὐδέτερον
1015 2024 1127 2092 ἀπλοῦν
1154 2027 1184 2089 ἒν
1206 2034 1269 2098 ταῖς
1291 2025 1349 2110 πρό

262 2129 366 2202 τέλους
388 2126 444 2192 δύο
467 2131 625 2208 συλλαβαῖς
654 2124 756 2192 δισσόν
784 2129 840 2208 ἔχει
865 2127 898 2192 τό
922 2141 953 2192 d·
977 2167 1017 2178 -—
1048 2131 1167 2202 Αἰολεῖς
1194 2128 1225 2192 di
1253 2126 1350 2208 όνυμα

260 2231 397 2313 λέγοντες
420 2227 494 2294 advo*
518 2229 684 2295 ἀπολύουσι
706 2236 760 2293 τοῦ
782 2231 976 2311 προκειμένου
995 2233 1112 2315 ἐλέγχου
1134 2239 1170 2298 of.
1186 2237 1297 2296 Herod.
1318 2257 1348 2294 π.

261 2341 336 2402 καθ.
357 2359 405 2416 πρ.
423 2340 446 2398 Ι.
470 2358 498 2415 p.
512 2344 581 2411 353,
602 2344 647 2397 13.
665 2345 695 2398 et
710 2357 739 2412 π.
757 2342 831 2396 παθ.
851 2340 890 2396 II.
910 2344 970 2397 364
994 2341 1045 2398 ubi
1067 2358 1160 2399 voxa
1180 2336 1258 2413 νέμω
1274 2341 1350 2399 deri·

260 2445 366 2504 vatur:
388 2434 541 2521 ἀναλόγως
563 2429 616 2500 osio
639 2439 670 2500 oi
682 2438 799 2510 Αἰολεῖς
821 2433 919 2516 όνυμα
941 2438 1081 2521 λέγουσιν.
1125 2443 1252 2502 Adoodit
1271 2443 1349 2521 quod

260 2543 343 2619 apud
354 2543 517 2604 Homerum
536 2545 608 2607 olias
623 2545 656 2603 in
674 2535 769 2618 ὄνομα
787 2545 836 2603 vel
853 2537 965 2619 οὕνομα
981 2536 1130 2620 όνομαίνω
1150 2536 1350 2618 ὀνομάκλυτος

260 2644 317 2722 (Χ.
332 2647 386 2719 61)
401 2638 637 2721 ἐξονομακλήδην
651 2646 703 2722 (Χ.
714 2650 788 2725 416)
805 2649 964 2706 seeundum
981 2647 1132 2722 vulgarem
1148 2667 1232 2706 usum
1248 2647 1350 2707 nativo

257 2747 375 2808 vooalis
390 2748 507 2822 integra
520 2755 638 2807 servata
651 2753 703 2806 est.
723 2780 764 2790 -
786 2750 891 2825 Neque
904 2748 997 2822 magis
1014 2741 1119 2824 ἀγυρις
1135 2747 1348 2826 (oongrogotio)

258 2850 349 2912 iuxta
369 2842 466 2926 ἀγορά
489 2848 613 2926 (ooutio)
637 2849 802 2908 Aeolismus
825 2855 878 2921 est,
902 2849 980 2926 quod
1003 2848 1130 2908 olamant
1151 2849 1347 2923 grammatici3

258 2957 294 3014 at
315 2957 397 3011 reete
418 2951 584 3010 Aluensius
605 2971 633 3026 p.
652 2955 701 3010 83.
722 2955 780 3008 169
803 2951 887 3010 vidit.
931 2951 1006 3008 Nam
1029 2949 1146 3024 diversa
1171 2957 1241 3012 sunt
1262 2973 1347 3012 vono-

258 3055 334 3114 bula
355 3059 444 3134 atque
475 3053 597 3114 notione
625 3053 746 3124 disant,
778 3070 866 3132 quam
891 3053 991 3112 neseio
1019 3053 1116 3112 an·in
1138 3053 1262 3114 Aeolide
1289 3077 1349 3114 una

258 3159 359 3218 forma
376 3148 479 3233 ἀγυρις
498 3155 661 3231 susceperit
679 3156 755 3216 siout
772 3148 881 3232 ἀγρημι
904 3175 957 3232 pro
976 3149 1076 3234 ἀγρεῖν
1096 3163 1126 3214 et
1144 3153 1245 3234 αλρεῖν.
1291 3158 1347 3216 Mi-

259 3261 342 3320 nime
359 3279 375 3318 o
392 3260 422 3318 in
441 3281 460 3317 υ
475 3259 598 3321 Aeolios
614 3258 729 3318 ratione
744 3277 862 3320 versum
878 3265 931 3332 est,
954 3260 1006 3319 sed
1022 3259 1169 3319 communi
1183 3261 1346 3320 mutatione

259 3384 279 3434 υ
303 3382 321 3420 e
338 3361 496 3438 genuinae
514 3361 554 3438 (v.
572 3361 652 3422 Ourt.
669 3382 698 3439 p.
715 3363 788 3439 663)
804 3361 853 3422 vel
872 3384 890 3416 α
907 3362 1000 3438 (curt.
1018 3363 1053 3421 de
1071 3363 1152 3422 verb.
1172 3383 1200 3438 p.
1216 3365 1275 3422 307
1295 3365 1345 3423 ubi

260 3465 427 3544 γαρ-γαίρω
450 3465 635 3542 imponitur,
658 3469 697 3523 et.
718 3485 746 3541 p.
764 3465 838 3541 667)
861 3464 1035 3524 offuscatum
1059 3465 1156 3524 estin
1180 3465 1346 3525 Homericis

260 3575 293 3630 et
313 3568 486 3643 vulgaribus
506 3566 629 3629 voaibns
651 3558 754 3644 ἀγυρις
780 3566 902 3624 71661.
926 3564 966 3624 Ω.
986 3570 1052 3625 141.
1075 3587 1100 3642 γ.
1115 3571 1163 3624 31.
1193 3559 1345 3645 ἀγυριόζω

260 3672 298 3748 (τ.
317 3669 403 3744 284.)
435 3661 566 3746 ἀγύρτης
594 3660 728 3746 ἀγυρμός
757 3659 901 3746 ὁμήγυρις
930 3669 978 3745 (Τ.
1003 3670 1073 3747 142)
1105 3658 1346 3746 ὁμηγυρίσασθαι

259 3793 292 3832 π.
307 3774 377 3832 376.
400 3765 564 3848 πανήγυρις
583 3771 657 3842 aliis,
680 3789 859 3850 quamquam
874 3769 906 3826 in
921 3771 1053 3831 Aeoliois
1067 3770 1163 3830 titulis
1184 3771 1345 3850 παναγυρί-

260 3895 351 3952 αρχου
367 3894 412 3950 ορ.
431 3874 546 3934 Kaibel.
560 3873 675 3932 XXIV.
693 3878 721 3933 3.
736 3893 764 3948 p.
778 3879 805 3932 6.
822 3879 852 3930 et
867 3865 1182 3951 πανηγυριαργησαντα
1195 3873 1299 3946 XXII.
1316 3881 1344 3934 3.

259 3985 319 4055 p.6
335 3977 452 4054 legitur,
470 3977 506 4036 of.
525 3976 631 4036 christ
649 3995 677 4051 p.
693 3981 741 4036 26.
758 4007 799 4018 -
816 3976 1020 4035 Recensentur
1034 3995 1122 4051 porro
1137 3974 1216 4036 inter
1230 3977 1343 4036 Aeolis-

260 4100 325 4142 mos
340 4079 514 4140 Homericos
535 4098 596 4137 non
618 4078 706 4137 certis
729 4078 764 4136 de
782 4077 877 4136 nausis
898 4079 954 4135 hae
976 4078 1087 4137 formae
1105 4099 1123 4133 υ
1146 4097 1199 4153 pro
1221 4097 1234 4134 ε
1256 4080 1305 4137 vel
1328 4101 1343 4136 ο

262 4200 334 4258 prae
348 4201 379 4242 ee
397 4183 542 4242 ferentes:
564 4171 719 4257 ὑπόβρυχα
737 4200 756 4236 ε.
771 4185 832 4238 319
849 4181 933 4238 iuxta
949 4176 1062 4258 βρέχειν
1080 4179 1119 4258 (v.
1138 4181 1247 4240 Buttm.
1261 4180 1342 4244 lexil.

262 4286 303 4344 Il.
326 4305 354 4361 p.
375 4290 427 4344 111
448 4305 505 4366 sq.,
532 4285 568 4342 of.
589 4275 787 4367 ἀναβέβρῦχεν
806 4284 834 4342 Ρ.
850 4288 896 4345 54.
922 4284 1039 4354 ebullit;
1062 4285 1125 4346 sine
1147 4303 1233 4356 musa
1250 4285 1343 4350 Zeno·
