3126 5256
802 703 866 770 134

293 862 449 924 Belskerue
475 863 599 938 propter
620 851 660 936 ὅη
682 859 807 920 Ahrene.
837 859 873 919 dc
895 859 972 918 coni.
998 859 1031 917 in
1053 877 1087 932 μι
1107 858 1196 918 Hom.
1219 877 1248 934 p.
1264 862 1304 916 28
1324 858 1380 918 alii

293 963 334 1041 (ν.
350 963 480 1028 Lobeek.
495 962 598 1038 psall.
616 981 645 1039 p.
663 961 737 1038 158)
758 961 847 1038 plane
868 962 1096 1031 damnauerunt3
1117 977 1215 1038 neque
1236 959 1380 1034 refragor.

293 1065 353 1124 Sed
373 1064 502 1124 balbutit
517 1064 724 1140 grammaticus
744 1063 797 1122 ille
818 1065 855 1123 de
869 1063 1019 1122 Aeolismo
1042 1054 1122 1136 διάη,
1145 1081 1212 1121 cum
1227 1054 1281 1135 ζόη
1302 1061 1381 1124 sieut

292 1165 326 1226 in
347 1165 415 1225 dial.
432 1165 558 1244 Cyprios
579 1157 640 1236 ζὸτι
661 1166 702 1240 (p.
715 1169 764 1230 44.
780 1186 810 1224 n.
827 1165 878 1242 16)
900 1164 1001 1226 audire
1017 1159 1132 1236 debeat,
1153 1162 1204 1226 vel
1216 1158 1285 1236 δι’δη
1301 1163 1380 1240 quod

293 1267 377 1328 Eust.
394 1267 437 1328 sic
451 1267 606 1327 derivans:
627 1263 707 1340 ᾰίδη,
730 1258 825 1344 ἤγουν
842 1262 965 1342 dilapsi,
988 1256 1047 1324 α’πὸ
1068 1265 1123 1325 τοῦ
1140 1261 1241 1339 ὅτ’θημι
1258 1256 1300 1332 cic
1317 1255 1379 1324 ὅτιὸ

292 1369 347 1428 τοῦ
375 1365 477 1445 ἰ’στημι
503 1365 569 1442 ἵστη
597 1367 702 1445 (rerba
728 1368 860 1445 Scaliger
886 1369 924 1428 ad
951 1368 1064 1444 Phryn.
1092 1365 1145 1426 ecl.
1172 1385 1218 1443 sp.
1249 1367 1379 1431 Lobeck.

293 1489 322 1547 p.
339 1475 401 1529 244
424 1469 568 1548 admovit)
596 1471 632 1528 ad
654 1469 807 1546 vulgarem
833 1471 947 1536 flexum
972 1469 1119 1545 relegerit
1146 1451 1196 1546 (of.
1218 1465 1297 1528 διδοῖ
1315 1465 1381 1528 deo·

294 1564 378 1648 μεὸει
397 1571 492 1651 Hes).

380 1673 412 1750 6)
432 1663 592 1748 Ὀνήμενος
613 1673 767 1734 Aeolicum
788 1676 927 1734 vocatum
948 1672 989 1750 (v.
1006 1673 1078 1730 Abs.
1094 1673 1120 1738 1.
1141 1691 1171 1749 p.
1191 1676 1259 1736 145.
1281 1691 1310 1730 n.
1325 1671 1379 1750 21)

294 1777 325 1835 et
338 1776 375 1835 ab
389 1775 550 1838 Heraclide
564 1794 610 1851 ap.
627 1775 710 1839 Eust.
730 1780 819 1848 1432,
838 1780 875 1837 ³3
892 1793 946 1852 pro
962 1765 1126 1848 ὅνοὸμενος
1141 1773 1233 1853 (quod
1248 1773 1379 1837 Lobeck.

294 1877 332 1936 ad
353 1877 463 1938 Buttm.
481 1879 522 1937 II.
549 1898 578 1954 p.
598 1881 668 1935 256.
700 1895 716 1936 ο
743 1877 870 1937 Luciani
895 1875 1059 1952 Philopatr.
1089 1875 1114 1952 §-
1133 1881 1182 1934 26.
1211 1874 1380 1952 adscripsit)

293 1978 393 2060 τροπῇ
414 1975 542 2060 Αἰολικῇ
563 1979 616 2053 τῆς
639 1977 676 2040 ο“ν
704 1972 876 2056 διφθόγγοα
906 1973 947 2045 εἰς
966 1969 1000 2035 τό
1030 1979 1050 2051 ῆ
1076 1968 1117 2046 οἷς
1142 1969 1306 2052 καλήμτνος
1326 1996 1381 2036 ex·

268 2085 274 2098 ’
295 2079 438 2156 plicatum
458 2079 594 2140 videmus
621 2080 785 2156 proesentis
813 2079 878 2140 loco
904 2078 990 2140 verbi
1017 2078 1156 2142 defectivi
1180 2070 1381 2157 ὅνηριι-(ὀνέον

295 2199 351 2258 pre
373 2174 486 2257 ὀ,νινα-)
515 2181 700 2242 intellectum
721 2201 800 2255 esse,
831 2199 897 2242 cum
918 2199 1000 2241 nuuc
1020 2199 1075 2256 pro
1097 2180 1201 2240 coristi
1221 2180 1380 2258 participio

294 2283 394 2345 valcat
415 2302 593 2363 quamquam
616 2285 651 2342 de
674 2275 792 2358 dvivqpt
809 2283 912 2346 debuit
935 2271 1080 2354 ὅνάμενος
1100 2281 1178 2342 sicut
1198 2273 1328 2341 ὄνασθαι
1350 2285 1382 2342 et

295 2377 421 2460 ὀναίμην
447 2386 607 2458 exsistere;
636 2385 767 2445 Lobeck.
790 2385 909 2464 quidem
930 2403 959 2459 p.
977 2383 1025 2442 ¹11.
1039 2403 1077 2441 οι.
1093 2387 1121 2444 4.
1149 2383 1302 2444 Heraclidi
1323 2383 1380 2442 dif-

294 2487 366 2549 fisus
387 2489 506 2547 estred
527 2487 564 2546 ad
578 2487 691 2566 Phryn.
704 2507 742 2563 ·p.
762 2491 810 2545 13.
832 2486 897 2562 ipsc
918 2484 1143 2560 daimperfecto
1164 2486 1250 2546 verbi
1271 2477 1382 2562 ὅνημαι

294 2589 442 2664 exposuit
484 2588 604 2648 Scilicet
626 2587 831 2666 antiquissimo
853 2586 973 2661 linguae
993 2607 1050 2645 usu
1069 2587 1183 2646 formae
1202 2607 1241 2646 ex
1261 2579 1381 2663 α’νίνημι

296 2689 376 2767 quod
398 2708 452 2765 par
473 2695 520 2750 est
539 2686 640 2763 ὅοτημι
661 2691 781 2762 formae,
805 2692 835 2750 et
857 2680 945 2762 ὅνημι
960 2689 1038 2775 quod
1057 2693 1103 2748 est
1123 2709 1177 2765 pro
1200 2683 1287 2760 ὀνὲω,
1310 2709 1380 2748 οοιι-

295 2790 423 2850 sociatae
444 2807 509 2849 esse
529 2791 670 2850 videntur
690 2789 723 2847 in
744 2790 833 2849 unius
853 2789 938 2850 verbi
961 2794 1102 2866 systemai
1125 2790 1289 2858 rectissimo
1310 2809 1380 2873 crgo

297 2881 431 2958 Curtium
453 2893 490 2954 de
510 2893 593 2958 verb.
614 2911 645 2969 p.
663 2895 735 2958 356.
756 2883 902 2968 ὀνήμενος
922 2891 1003 2959 inter
1023 2892 1192 2976 praesentia
1212 2893 1380 2954 couleuasse
1505 2955 1507 2960 ,

295 2995 432 3054 arbitror.
1275 3043 1278 3048 .

383 3097 414 3175 7)
436 3096 596 3157 Homerica
622 3093 719 3161 ferma
747 3089 835 3174 ὅρηαι
858 3093 883 3166 ξ.
902 3101 977 3170 348,
1008 3115 1096 3174 quam
1124 3095 1264 3175 „quidem
1284 3095 1381 3162 „ectasi

295 3199 439 3259 dixerunt
460 3217 501 3258 cx
520 3191 603 3276 ὅριοι
620 3197 671 3258 aiii
689 3199 726 3258 ab
742 3191 832 3275 ὅρημι
853 3198 905 3256 alii
924 3200 961 3257 ab
984 3181 1083 3276 ὅρὸεαι
1097 3188 1181 3282 ὅρραι
1203 3197 1257 3278 (sic
1273 3195 1381 3256 doctu

296 3303 334 3360 de
354 3320 414 3360 acc.
436 3320 465 3376 p.
484 3301 557 3378 103)
588 3321 654 3362 cum
683 3301 774 3366 ectasi
803 3290 895 3376 ν’ρῆαι
922 3305 957 3360 ut
986 3295 1097 3375 μυθέαι
1125 3299 1249 3374 μυθεῖαι
1272 3299 1381 3375 repeti·

295 3405 423 3462 ’verunt‘
437 3401 594 3481 (Lobeckii
609 3399 702 3461 verba
715 3407 786 3462 suut
801 3402 975 3479 quibuscum
989 3421 1050 3466 uua
1060 3401 1202 3461 Lcutrius
1217 3402 1254 3466 ud
1269 3401 1381 3460 Herod.

295 3503 321 3562 Ι.
343 3521 372 3576 p
389 3505 449 3566 461
474 3517 514 3562 ex
534 3501 618 3560 unct.
641 3502 779 3577 p.1768‚
799 3507 839 3570 24
862 3502 1061 3578 transcripsit:
1089 3494 1123 3562 ri
1152 3493 1227 3585 ὁρᾷς
1245 3495 1381 3581 ’Όμηρος

296 3602 459 3678 ποιητικῶς
479 3593 569 3678 ὅρηαι
586 3599 659 3676 φησὶ
675 3596 946 3678 προπαροξυτόνως
966 3595 1028 3660 dud
1044 3599 1200 3674 ἐνεστῶτος
1219 3605 1275 3662 τοῦ
1291 3597 1382 3683 ὅρημι

296 3705 386 3782 κτλ),
411 3703 575 3766 certissime
596 3704 655 3763 huc
677 3705 755 3766 cedit
777 3721 903 3784 quacum
924 3704 1103 3767 conferenda
1123 3712 1170 3788 cst
1190 3705 1262 3770 Hes.
1284 3707 1382 3783 glossa
1441 3761 1444 3766 .

296 3806 419 3872 Aeolica
435 3796 546 3882 ὅρημαι
562 3796 626 3884 ὁρῶ
640 3804 681 3883 (ν,
701 3805 778 3866 Gies.
792 3826 824 3883 p.
838 3806 908 3874 374.
930 3807 1003 3866 Ahr.
1015 3809 1039 3869 Ι,
1061 3827 1090 3883 p.
1103 3813 1152 3868 28.
1171 3809 1251 3886 136).
1281 3813 1381 3889 Atque

296 3911 361 3970 iure
383 3909 425 3970 sic
440 3913 619 3984 occeperunt
633 3907 751 3968 Curtius
766 3907 799 3966 in
819 3927 861 3983 gr.
878 3907 927 3968 Gr.
943 3906 969 3986 S.
982 3914 1053 3972 312.
1068 3931 1097 3977 n.
1118 3930 1148 3986 p.
1161 3910 1220 3972 147
1244 3915 1275 3970 et
1289 3912 1381 3974 Rum-

297 4013 375 4090 pfius
395 4017 507 4090 quaest.
523 4011 611 4070 Hom.
627 4031 656 4086 p.
676 4015 722 4076 19.
742 4009 803 4089 qui,
825 4015 981 4098 postquam
999 4013 1139 4088 exposuit
1155 4031 1184 4087 p.
1202 4017 1238 4076 18
1260 4013 1381 4085 „Aeoli-

297 4133 361 4175 cam
383 4132 472 4193 quam
494 4112 568 4172 dicis
590 4113 736 4172 rationem
759 4112 889 4171 omnium
917 4113 1076 4176 verberum
1105 4133 1138 4188 μι
1166 4133 1230 4174 esse
1252 4115 1381 4175 maxime

296 4215 446 4300 propriam
468 4220 558 4293 atque
579 4215 669 4275 etiam
689 4213 722 4272 in
743 4213 810 4273 aliis
825 4213 943 4274 Atticae
965 4213 1171 4279 declinationis
1190 4215 1295 4280 formis
1317 4235 1382 4276 esse

296 4320 462 4381 servatam“
493 4316 533 4392 (v.
556 4317 635 4385 Gurt,
658 4317 740 4380 Stud.
756 4317 813 4385 111.
834 4333 864 4392 p.
884 4317 972 4399 394),
1002 4317 1039 4376 de
1060 4310 1150 4394 ὅρηαι
1176 4317 1219 4381 sic
1248 4314 1382 4390 scripsit:

296 4419 392 4491 „molo
413 4418 487 4478 illud
509 4418 546 4478 ad
567 4419 640 4486 Hes.
663 4410 772 4496 ὅρημαι
792 4419 904 4486 referre
925 4424 956 4480 ct
976 4439 1042 4483 cum
1061 4419 1121 4479 Oro
1136 4417 1253 4478 Milesio
1275 4414 1323 4492 (Ε,
1338 4416 1380 4478 Μ.

298 4523 370 4591 sul,
388 4517 441 4605 35)
468 4525 500 4581 et
521 4522 603 4588 Eust.
632 4526 696 4590 tum
717 4525 937 4606 parorytenum
959 4526 1126 4592 accentum,
1155 4523 1218 4582 tum
1240 4516 1382 4596 coniuga-
