3126 5256
888 733 950 798 164

380 891 605 971 mistionem'que
624 910 700 972 quae
722 893 768 950 est
788 890 818 949 in
834 889 1001 950 Homericis
1022 889 1200 950 carminibus
1214 887 1456 963 restringendam,

380 996 430 1054 sed
451 996 528 1055 hane
548 993 716 1054 liberiorem
737 993 827 1052 fuisse
850 1001 937 1072 quam
959 1011 1012 1068 pro
1035 993 1157 1052 metriea
1177 992 1300 1065 ratione,
1323 989 1406 1070 quae
1419 1009 1458 1048 ne

380 1099 469 1174 apud*
485 1095 646 1156 Pindarum
674 1095 792 1176 quidem
815 1095 877 1154 sole
901 1095 991 1155 ‘valet
1041 1093 1141 1157 Quare
1166 1094 1198 1152 in
1224 1093 1396 1153 universum
1423 1093 1459 1151 de

378 1198 508 1260 Aeolieis
521 1199 656 1276 vestigiis
675 1217 736 1257 non
757 1203 816 1258 tam
838 1199 862 1256 Ι.
883 1196 1013 1256 Bekkeri
1035 1195 1175 1256 iudicium
1195 1197 1233 1254 de
1252 1195 1460 1271 pronominum

377 1302 565 1362 Aeolieorum
593 1311 648 1360 usu
674 1301 849 1374 Homerico,
880 1302 916 1358 de
941 1319 998 1378 quo
1027 1299 1086 1358 iam
1116 1298 1187 1381 satis
1216 1297 1341 1374 exposui
1367 1295 1392 1375 ξ.
1411 1302 1458 1369 14,

378 1403 411 1462 in
432 1405 529 1464 sehed.
552 1405 674 1464 Homer.
691 1405 716 1462 1.
739 1425 767 1480 p.
784 1409 855 1462 325.
877 1403 918 1480 (p.
937 1402 988 1477 87)
1011 1401 1174 1478 prolatum:
1195 1400 1261 1473 „die
1279 1400 1458 1473 Aeolismen,

378 1507 457 1572 dieue
480 1505 609 1584 (person.
627 1526 711 1583 pron.
729 1506 827 1584 dixit),
849 1506 906 1567 wie
928 1505 976 1563 die
997 1503 1184 1580 possessivum
1206 1494 1281 1576 opor
1301 1503 1363 1562 und
1383 1492 1461 1577 ὁμὸς

376 1609 496 1670 werden
520 1629 556 1668 zu
577 1610 751 1669 metriseher
772 1608 918 1668 Aushiilfe
939 1589 1191 1681 herbeigeuogen,
1221 1605 1288 1664 sind
1308 1606 1380 1664 aber
1404 1625 1460 1663 un-

377 1715 457 1784 niitz,
480 1731 526 1772 wo
550 1729 582 1770 es
605 1712 694 1771 deren
717 1711 800 1771 nieht
820 1710 926 1770 bedorf
943 1709 1000 1771 wie
1023 1727 1069 1766 am
1085 1709 1188 1767 Ende“
1211 1726 1297 1786 quam
1315 1705 1349 1766 G.
1365 1706 1460 1767 Gurtii

378 1812 520 1872 conlaudo
537 1831 693 1893 meumque
713 1813 804 1872 faeie:
827 1813 904 1886 „Mit
924 1812 1021 1871 einem
1037 1843 1079 1854 -
1094 1810 1266 1870 Vorurth0il
1286 1811 1390 1872 hatten
1411 1809 1460 1868 die

378 1915 545 1975 aeolisohen
561 1916 690 1975 Formen
713 1907 806 1991 ὔμμες
821 1907 915 1990 ὔμμες
929 1936 957 1974 u.
974 1935 995 1973 s.
1012 1935 1048 1975 w.
1065 1913 1115 1972 bei
1129 1913 1242 1972 Homer
1257 1933 1294 1972 au
1309 1912 1459 1988 ka'mpfen.
1533 1971 1535 1976 .

378 2018 449 2075 Man
470 2016 571 2078 wollte
594 2017 636 2076 sie
665 2037 731 2076 zum
753 2017 840 2076 Tbeil
865 2017 945 2077 bioss
974 2017 1017 2076 als
1039 2016 1196 2076 metrisehe
1217 2015 1338 2074 Behelfe
1359 2015 1461 2090 gulten

378 2118 483 2190 lassen,
506 2117 553 2176 die
576 2137 614 2176 an
636 2119 683 2178 die
703 2119 793 2179 Stelle
816 2121 868 2179 der
889 2118 1062 2179 iiblioheren
1082 2137 1140 2178 nur
1161 2119 1199 2177 da
1218 2121 1316 2178 treten
1332 2118 1460 2191 diiriten,
1487 2119 1493 2127 “

376 2239 423 2281 wo
446 2219 489 2278 sie
510 2219 574 2280 siah
595 2223 695 2281 besser
715 2222 747 2280 in
770 2223 828 2280 den
851 2221 924 2281 Vers
944 2221 1057 2296 fiigten.
1101 2223 1201 2303 tiber
1223 2221 1281 2281 die
1303 2221 1461 2280 Aeolis·

377 2341 459 2380 men
490 2322 554 2381 bei
584 2324 725 2383 Homer
757 2323 844 2382 siud
872 2323 984 2382 nieht
1016 2321 1155 2398 gering
1188 2342 1233 2382 en
1260 2323 1352 2382 Zahl
1382 2324 1460 2382 und

377 2425 620 2500 keineswegs
652 2426 717 2485 auf
748 2425 879 2486 solehe
911 2426 1076 2484 Formen
1108 2427 1358 2501 besehriinkt,
1396 2445 1461 2486 eus

378 2528 499 2586 denen
531 2526 619 2586 eine
655 2527 859 2588 m'etrisehe
892 2527 1225 2608 Bequemliehkeit
1259 2530 1461 2591 erwuohs.“

379 2629 415 2688 ai.
436 2629 498 2688 Erl.
517 2648 545 2705 p.
562 2630 601 2688 76
613 2629 638 2689 ².

455 2730 554 2790 Tertio
566 2731 630 2791 loeo
644 2733 835 2808 persuasioni,
853 2732 900 2791 eui
912 2733 997 2791 eredo
1011 2751 1072 2790 non
1083 2730 1187 2791 melius
1202 2731 1342 2808 presedit,
1357 2751 1462 2792 eorum

367 2834 540 2914 rabennam,
560 2834 612 2912 qui
628 2839 689 2893 ete
706 2834 878 2893 mistione
894 2834 1105 2894 colonorum
1120 2834 1353 2895 diversarum
1367 2832 1460 2894 stir-

377 2936 550 3013 piumin
579 2921 672 2996 lisia
700 2935 807 2996 faeta
837 2943 873 2996 et
903 2956 919 2995 e
949 2927 1118 2996 confinio
1146 2935 1392 2996 Aeolensium
1422 2941 1461 2996 et

377 3033 505 3098 Ienu'm
533 3040 570 3097 ed
597 3038 725 3098 solerem
752 3039 867 3100 varium
894 3038 1046 3098 Homerici
1077 3039 1220 3099 sermonis
1247 3033 1460 3098 enucleandum

377 3141 502 3202 multum
522 3142 686 3201 redundare
708 3141 941 3219 adsumpserunt
985 3143 1148 3200 Nemeum
1170 3141 1292 3200 aliorum
1315 3146 1378 3200 tum
1397 3139 1459 3200 He·

376 3242 473 3303 rodoti
490 3243 661 3319 gravissimo
682 3244 746 3304 loeo
765 3245 788 3303 Ι.
809 3263 832 3304 a.
849 3250 918 3305 146.
942 3245 1050 3304 diserte
1065 3243 1254 3304 confirmatur
1269 3243 1387 3304 solonas
1407 3242 1459 3323 qui

376 3344 409 3404 in
424 3347 538 3404 ioniam
553 3345 730 3420 migrassent
744 3365 804 3404 non
820 3346 949 3406 eiusdem
965 3346 1061 3422 gentis
1076 3345 1176 3420 fuisse,
1197 3347 1249 3406 sed
1263 3345 1460 3422 multiplicum

378 3447 513 3524 stirpium
538 3447 631 3506 socios
657 3447 700 3506 ibi
729 3455 925 3524 congregatos·
950 3465 1013 3508 essa
1040 3449 1088 3526 (ef.
1107 3449 1142 3508 0.
1159 3448 1295 3509 Muelleri
1318 3449 1461 3516 Orohom.

377 3567 405 3624 p.
425 3553 495 3606 399.
526 3547 655 3606 Giesium
672 3567 701 3624 p.
722 3547 888 3628 1791180),Ι
901 3567 991 3629 quare
1007 3550 1138 3610 Ionieam
1153 3551 1293 3631 loquendi
1314 3551 1459 3610 rationem

377 3668 438 3707 non
466 3667 570 3725 puram
598 3649 770 3726 praebuisse
798 3651 925 3726 speeiem
953 3650 1032 3710 idem
1061 3653 1231 3714 Herodotus
1259 3657 1383 3714 testatus
1413 3658 1460 3713 est

379 3751 405 3812 Ι.
427 3772 451 3811 e.
470 3756 539 3824 142,
562 3770 621 3830 que
643 3751 680 3809 de
708 3750 772 3810 loeo
795 3752 858 3810 dixi
880 3771 969 3829 supra
989 3772 1018 3828 p.
1041 3758 1088 3814 10.
1111 3775 1140 3814 n.
1160 3761 1209 3815 46.
1254 3759 1352 3835 Atque
1379 3754 1464 3817 inter.

378 3853 540 3914 Aeolenses
562 3859 593 3913 et
613 3855 702 3913 Ioues
726 3854 898 3914 eommereia
919 3856 1097 3936 negotiaque
1120 3858 1261 3918 eonbnua
1282 3862 1312 3918 et
1333 3858 1459 3918 assessi.-

378 3956 496 4016 tudines
517 3955 645 4017 invitem
666 3956 845 4030 floruerunt,
874 3976 928 4034 per
955 3976 1045 4036 quae,
1075 3959 1145 4038 quia
1172 3979 1220 4020 res
1240 3959 1307 4036 ipsa
1327 3965 1362 4020 ut
1385 3978 1458 4019 non-

378 4059 477 4118 nullas
503 4060 615 4119 formae
643 4064 674 4118 et
698 4075 786 4119 voees
812 4060 890 4136 apud
919 4065 1060 4140 utrosque
1082 4063 1201 4121 eaedem
1229 4061 1290 4122 sint
1317 4062 1457 4140 postulat,

377 4161 410 4220 in
432 4181 595 4222 sermenem
619 4179 765 4239 quemque
791 4161 981 4221 vernaeulum
1003 4163 1096 4222 multa
1124 4163 1218 4239 magis
1239 4164 1391 4244 magisque
1412 4166 1458 4224 in-

376 4269 541 4342 repserunt.
591 4261 674 4352 Quae
703 4281 769 4322 eum
785 4283 849 4340 ,per
876 4283 907 4322 se
935 4264 1033 4323 omnia
1060 4268 1140 4324 reete
1169 4284 1201 4324 se
1228 4266 1358 4326 habeant
1387 4270 1459 4346 quid

264 4379 267 4384 '
377 4372 476 4426 tamen
497 4367 534 4426 ad
555 4367 715 4425 hamorem
742 4365 955 4426 inlustrandam
977 4367 1097 4426 valeant
1120 4366 1256 4445 equidem
1277 4387 1338 4425 nou
1360 4369 1457 4432 video.

377 4467 674 4546 Sengebusehiusssl)
697 4473 794 4528 autem
823 4453 854 4528 et
883 4469 979 4544 poetis
1000 4467 1168 4532 Homericis
1195 4473 1225 4526 et
1246 4468 1460 4543 posterioribus

379 4569 629 4668 *episoma
645 4618 702 4652 mn.
718 4619 742 4668 p.
755 4606 814 4654 roe.
834 4605 890 4653 eae.
