3424 5386
909 397 952 461 42

389 553 504 614 emend.
525 574 554 631 p.
572 553 621 612 77.
643 551 810 614 Lobechius
829 572 900 614 vero
915 551 1090 612 Aristarcho
1106 552 1231 612 credidit
1244 553 1277 612 in
1299 551 1335 612 ol.
1351 553 1460 628 path.
1483 553 1524 611 I.

389 675 419 732 p.
436 655 496 712 237
527 655 570 715 sic
597 656 727 716 locutuss
759 653 808 736 pi,
839 658 873 713 ut
893 653 1049 714 Nitnschio
1078 656 1115 714 ad
1138 655 1193 714 Od.
1217 674 1239 714 ε.
1260 659 1319 714 369
1349 659 1385 714 et
1411 654 1521 713 mihi

389 756 488 816 visum
515 762 576 831 est,
605 751 703 829 πλάζω
730 756 851 834 proprie
876 756 956 816 idem
982 755 1131 832 significat
1156 777 1191 818 ao
1218 748 1354 832 πλήσσω,
1389 757 1516 836 alpha

386 858 511 934 longum
538 879 602 920 esse
632 855 758 935 oportet'
786 863 876 938 atque
902 858 1086 919 Aeolismum
1111 861 1233 922 fovebat
1259 859 1429 936 Rumpfius
1462 859 1511 920 in

386 962 475 1020 Iahn.
503 981 571 1020 cun.
595 981 622 1023 v.
643 965 682 1017 93
711 959 820 1039 (1866)
848 981 876 1038 p.
894 963 944 1022 97.
986 963 1045 1023 sed
1074 963 1232 1022 nemodum
1260 961 1509 1022 demonstravit

387 1055 486 1134 πλάζω
514 1083 548 1122 ro
569 1081 641 1124 vera
662 1062 785 1122 Aeolica
813 1063 866 1122 illa
891 1065 1056 1126 mutatione
1085 1066 1122 1122 de
1151 1083 1210 1144 qua
1231 1083 1337 1141 parum
1360 1068 1505 1124 constat

386 1184 441 1242 pro
463 1156 584 1238 πλήσσω
599 1169 697 1224 ortum
712 1185 777 1224 esse
791 1185 889 1245 neque
910 1168 947 1226 de
963 1166 1129 1246 quontitate
1145 1166 1259 1226 vocalis
1274 1187 1293 1224 α
1308 1166 1386 1226 certi
1409 1166 1498 1246 quid

388 1265 543 1342 cooperire
559 1265 660 1328 licet..
682 1269 816 1346 Adparet
837 1275 937 1330 autem
957 1272 1050 1330 verba
1070 1260 1170 1341 atrito
1192 1273 1223 1328 et
1243 1265 1376 1343 πλήσσω,
1404 1287 1493 1348 quae

389 1367 553 1445 posteriore
574 1389 632 1429 usu
652 1370 784 1431 notionis
798 1373 951 1449 paululum
966 1371 1047 1432 inter
1062 1392 1093 1432 se
1113 1371 1291 1448 discrepant,
1313 1373 1351 1430 ab
1373 1372 1492 1430 eadem

389 1470 482 1550 stirpe
504 1473 595 1530 aios·
617 1473 809 1546 descendere;
838 1475 912 1534 illud
939 1473 1033 1547 igitur
1064 1494 1102 1534 ex
1132 1463 1247 1552 alcimio
1275 1493 1332 1551 per
1358 1466 1489 1547 rricidjoo

388 1572 482 1649 (curt.
500 1595 530 1652 p.
548 1576 621 1652 666)
644 1577 756 1636 scotum
778 1581 831 1650 est,
853 1578 887 1635 in
907 1577 966 1636 hoe
985 1596 1131 1636 consonae
1153 1575 1236 1635 finali
1257 1574 1368 1634 rosulis
1390 1593 1488 1651 prae-

388 1674 561 1736 ludebatur:
583 1667 772 1754 nites-au
788 1678 836 1755 (cf.
853 1679 905 1738 lat.
924 1678 1055 1756 plango),
1078 1697 1153 1758 quae
1172 1697 1354 1738 evanescens
1375 1677 1486 1736 effecit

387 1777 613 1854 productionem
635 1780 863 1858 suppletorium:
891 1773 1020 1856 πλήσσω.
1063 1781 1171 1860 Itaque
1193 1799 1252 1839 non
1276 1779 1374 1838 minus
1397 1779 1484 1840 reri-

388 1878 483 1940 simile
507 1884 565 1954 est,
595 1881 709 1944 duobus
731 1883 832 1944 verbis
859 1882 893 1941 iu
914 1883 1018 1958 lingna
1038 1883 1155 1958 vulgari
1178 1882 1301 1942 eandem
1321 1881 1483 1942 notionem

387 1981 457 2041 olim
479 1983 658 2060 inhaesisse,
687 1986 719 2043 id
740 1987 818 2065 quod
840 1986 970 2044 Loheck.
992 1985 1030 2044 ad
1045 1986 1094 2046 Ai.
1111 2006 1140 2046 r.
1159 1989 1230 2044 596.
1250 2003 1279 2060 p.
1295 1988 1355 2042 241
1380 1981 1481 2042 dixit:

388 2086 432 2166 ,fit
447 2085 587 2147 credibile
602 2089 694 2148 verba
713 2081 821 2163 πλάζω,
843 2081 1002 2166 πλήγνυμι,
1024 2081 1144 2162 misione)
1160 2107 1221 2146 nou
1234 2085 1333 2146 minus
1346 2085 1429 2146 iuter
1444 2105 1481 2144 se

389 2193 516 2261 cognata
543 2209 607 2248 esse
636 2209 725 2268 quam
740 2189 924 2265 ,germanica
951 2190 1004 2249 illo
1032 2190 1174 2263 schlcgen
1197 2179 1377 2267 (πλήσσειν),
1406 2207 1478 2248 ver·

387 2289 527 2362 sohlageu
543 2281 693 2368 (ultrast
708 2291 757 2354 vel
770 2292 842 2352 intr.
857 2292 1039 2366 anschlagen
1049 2292 1104 2371 (cf.
1119 2293 1291 2351 Buttmann.
1306 2309 1349 2364 gr.
1366 2291 1417 2350 Gr.
1429 2291 1474 2348 Π.

386 2412 416 2468 p.
431 2391 515 2468 268).
549 2395 585 2450 cf.
603 2395 683 2454 Ourt.
699 2394 732 2453 in
747 2393 856 2454 Philol.
867 2396 926 2455 III.
942 2415 971 2471 p.
984 2400 1011 2465 3,
1028 2399 1065 2454 et
1080 2415 1110 2472 p.
1123 2399 1195 2465 260,
1210 2394 1246 2453 de
1260 2393 1343 2452 verb.
1359 2414 1389 2471 p.
1400 2397 1473 2453 326.

386 2494 461 2554 Ahr.
488 2510 610 2567 gramm.
641 2497 710 2555 dial.
736 2499 800 2556 Att.
829 2503 859 2556 ct
886 2497 974 2556 Hom.
998 2495 1025 2574 ᾖ.
1045 2501 1093 2556 61.
1124 2517 1154 2555 n.
1171 2501 1199 2556 5.
1221 2515 1251 2572 p.
1270 2496 1320 2554 77.
1369 2493 1472 2554 Potuit

387 2614 458 2654 sene
479 2595 554 2669 fieri,
569 2603 610 2656 ut
624 2599 785 2658 Homerica
806 2602 903 2658 aetate
919 2589 1017 2670 πλᾶζω
1035 2598 1078 2659 ibi
1094 2599 1183 2658 etiam
1197 2599 1396 2670 adhiberetur,
1417 2595 1468 2656 ubi

386 2697 533 2758 excultior
554 2719 625 2758 usus
652 2701 826 2760 recentioris
855 2701 997 2778 temporis
1025 2693 1145 2777 πλήσσω
1173 2701 1273 2779 potius
1297 2699 1465 2778 postularet.

385 2803 465 2876 Ergo
489 2821 550 2862 non
571 2821 683 2875 negans
704 2803 737 2864 in
758 2803 893 2863 Aeolidis
919 2823 977 2862 usu
996 2804 1122 2862 fortasse
1144 2803 1239 2863 solum
1259 2800 1351 2862 fuisse
1372 2794 1465 2872 πλᾶζω

385 2922 441 2978 pro
457 2904 570 2962 duobus
591 2897 689 2976 πλάζω
708 2898 882 2980 othtricum,
905 2924 981 2984 quoe
1000 2926 1050 2966 res
1065 2905 1272 2981 grammaticos
1292 2905 1325 2963 iu
1340 2923 1464 2964 errorem

385 3005 521 3078 induxit,
551 3010 586 3064 ut
614 2999 855 3079 otdtuAeolioe
881 3027 920 3068 ex
941 3008 1034 3068 altero
1063 3027 1183 3068 versum
1206 3007 1374 3080 crederent,
1403 3025 1463 3064 sam

386 3106 581 3166 mutationem
609 3128 670 3168 non
697 3111 785 3170 modo
812 3110 957 3170 incertam
983 3112 1034 3170 sed
1055 3109 1239 3170 Aeolismum
1264 3109 1382 3169 futilem
1402 3125 1461 3168 esse

385 3208 493 3268 iudico.
613 3265 616 3272 .

470 3311 569 3370 Etiam
585 3313 818 3391 comparativum
832 3304 978 3386 ὖπολίζων
992 3315 1029 3375 Σ.
1042 3319 1102 3374 519
1118 3313 1218 3373 nescio
1232 3333 1272 3372 an
1287 3311 1458 3388 grammatici

385 3415 466 3474 inter
487 3413 652 3475 Aeolismos
673 3415 843 3490 retulerint;
873 3417 1062 3477 Herodianus
1084 3415 1199 3476 scilicet
1219 3435 1250 3475 so.
1268 3406 1320 3472 Ἰλ.
1337 3435 1384 3494 πρ.
1403 3418 1457 3474 tres

385 3510 506 3586 sinoce
524 3517 717 3595 comparativi
740 3539 916 3581 enumerans
937 3515 1041 3592 ὀλίζων
1055 3509 1174 3596 dispice
1194 3510 1333 3576 ὀ-λίσσων
1347 3517 1392 3595 (of.
1405 3514 1458 3575 ilo·

387 3634 441 3678 oov
458 3639 503 3697 ap.
524 3620 673 3698 Hesych.,
697 3622 776 3682 Onrt.
793 3643 822 3699 p.
839 3627 909 3682 346.
927 3621 1002 3699 624)
1025 3620 1115 3681 dixit:
1143 3611 1180 3680 roi
1202 3615 1235 3679 δὲ
1256 3611 1312 3678 δύο
1333 3633 1369 3678 oo
1387 3613 1456 3696 μετέ-

386 3737 474 3780 πεσεν
496 3719 570 3794 ster
590 3717 649 3786 nai,
662 3715 843 3800 ἀπετελέσθη
864 3715 897 3782 sd
921 3715 1024 3794 ὅλιζον.
1047 3716 1143 3793 οὕτως
1164 3709 1218 3782 οὖν
1239 3719 1456 3808 ἐσχηματίσαμεν

387 3819 439 3882 καὶ
461 3815 493 3882 sd
516 3825 628 3900 μεῖζον,
656 3821 730 3906 λέγω
752 3820 785 3884 δὲ
806 3817 881 3884 acroi
904 3816 957 3901 τὴν
979 3817 1072 3901 αὐτὴν
1093 3819 1205 3903 τροπὴν
1231 3827 1291 3884 τῶν
1312 3823 1452 3902 στοιχείων.

387 3925 474 3990 Quod
488 3947 560 3988 vero
575 3929 759 4002 grammatici
775 3919 868 4000 ὅλιζον
882 3947 937 4006 pro
961 3919 1060 4006 ὀλίγον
1077 3929 1199 3988 tradunt
1211 3929 1304 3987 fuisse
1324 3933 1374 3988 aut
1387 3927 1452 4005 apud

386 4028 549 4088 Aeolenses
570 4030 611 4109 (u.
629 4032 748 4092 Aelium
765 4031 890 4109 Dionys.
913 4049 959 4107 cp.
977 4031 1062 4090 Euat.
1080 4051 1110 4107 p.
1129 4034 1219 4102 1160,
1245 4031 1295 4109 17)
1317 4035 1369 4090 cut
1387 4031 1452 4110 apud

385 4131 542 4192 Thessalos
564 4131 604 4208 (v.
621 4136 769 4213 Apionem
786 4140 817 4194 et
829 4132 1018 4192 Herodorum
1037 4151 1086 4209 ap.
1102 4133 1185 4193 Eust.
1203 4154 1233 4211 p.
1248 4139 1318 4208 329,
1344 4133 1390 4210 12)
1407 4137 1450 4192 cut

385 4234 418 4296 in
440 4234 605 4298 recentiore
626 4239 698 4298 Iade
721 4238 760 4317 (v.
779 4232 969 4296 Heraclidem
987 4233 1074 4293 Alex.
1097 4253 1144 4313 ap.
1162 4237 1246 4298 Euat.
1269 4255 1298 4312 p.
1319 4240 1400 4310 1643,
1414 4236 1447 4314 2),
