3126 5256
811 456 852 520 98

289 613 455 676 Ahrensius
482 613 515 672 in
542 631 663 690 gramm.
692 609 718 689 ς.
735 615 784 683 28,
802 617 829 670 8.
853 631 881 688 p.
899 615 948 668 28.
976 611 1174 670 Bnttmsnnns
1201 609 1235 668 in
1255 629 1297 686 gr.
1321 609 1375 668 Gr.

287 717 311 776 1.
329 715 354 796 S.
368 719 417 774 58.
440 733 469 792 p.
483 719 543 774 225
565 713 718 774 Aeolioam
738 711 901 773 flexionem
922 712 1034 793 ubique
1054 711 1256 790 postularunt,
1285 731 1376 792 quam

288 837 342 898 pro
372 835 445 880 vero
472 814 663 892 metaplasmo
691 813 865 890 intellegere
894 821 996 876 eontra
1016 815 1143 874 Ahrens.
1164 815 1190 874 I.
1213 833 1242 890 p.
1261 817 1317 872 121
1343 818 1375 874 et

286 919 397 982 Amaia.
425 937 453 996 p.
475 923 525 977 44.
553 935 614 976 non
642 916 758 988 dubit03
786 935 856 976 nam
884 919 963 998 quod
992 935 1137 996 nusquam
1166 911 1236 994 ἔροο
1263 915 1376 992 legitur

287 1021 399 1082 nullius
418 1018 559 1080 momenti
575 1036 638 1077 esse
654 1037 720 1078 enm
735 1019 914 1080 Buttmanno
936 1041 964 1098 p.
982 1020 1052 1078 207.
1069 1039 1098 1078 n.
1114 1017 1236 1094 aooipio.
1278 1019 1374 1076 Extra

288 1123 452 1182 Homerum
467 1125 565 1180 autem
581 1119 732 1180 Hesiodus
745 1122 826 1181 huno
836 1121 1019 1182 Aeolismum
1034 1099 1123 1202 quein
1137 1119 1260 1196 agnovit
1270 1119 1371 1180 Goett·

287 1223 399 1300 lingius
418 1241 447 1299 p.
462 1221 591 1282 XXXII
605 1215 697 1301 Ἔρος
717 1225 761 1285 tln
780 1227 848 1284 120.
864 1229 935 1284 201.
952 1220 1019 1302 ἔρος
1033 1244 1061 1284 r.
1074 1227 1145 1282 909.
1161 1241 1259 1301 neque
1274 1221 1372 1282 minus

287 1323 448 1402 Sophoolas
470 1323 528 1403 (lll.
550 1345 579 1387 v.
599 1326 667 1387 197.
690 1322 759 1405 ἔρος
778 1326 812 1385 in
833 1326 928 1402 aaut)‘
945 1331 976 1386 at
996 1324 1168 1402 Euripides,
1199 1324 1252 1402 qui
1282 1324 1371 1383 etiam

286 1425 318 1515 in
341 1425 502 1488 dialeotiois
525 1428 628 1489 formis
646 1428 837 1488 inmisoendis
858 1427 937 1487 inter
957 1428 1086 1504 tragioos
1101 1431 1227 1488 novator
1244 1427 1369 1501 exstitit,

288 1526 321 1587 in
343 1529 402 1590 dis.
432 1525 501 1609 ἔρον
526 1530 619 1607 Hipp.
646 1551 676 1591 v.
693 1531 764 1589 337.
781 1533 851 1587 449.
881 1523 972 1606 (ipone
1000 1527 1104 1589 maluit
1130 1530 1161 1588 0.
1185 1528 1314 1588 Grashof
1336 1528 1370 1586 in

287 1629 400 1711 antiqu.
415 1632 491 1692 stud.
507 1650 574 1690 ann.
594 1631 683 1690 1837.
705 1651 734 1708 p.
752 1627 866 1710 58617.)
889 1631 956 1706 Iph.
972 1631 1003 1689 Τ.
1018 1651 1047 1691 v.
1064 1631 1368 1692 1172.10n.v.1227.

285 1731 331 1792 El.
353 1753 382 1792 v.
398 1733 470 1792 297.
493 1732 682 1791 admiserunt.
733 1731 800 1790 Illio
821 1731 914 1808 igitur
935 1733 1137 1794 nominativus
1160 1729 1226 1811 ἔρος
1250 1733 1281 1790 Γ.
1299 1737 1369 1792 442.

288 1827 320 1898 Ξ.
338 1837 409 1893 294.
426 1837 496 1892 315.
519 1837 629 1892 eertum
650 1835 749 1892 sedem
771 1853 832 1892 non
854 1835 969 1896 obtinet
990 1837 1041 1896 sed
1063 1835 1157 1895 multo
1175 1835 1307 1894 erebrius
1322 1854 1370 1893 ao-

285 1936 435 1996 ousativus
449 1935 593 1996 formulae
613 1934 707 1994 instar
728 1935 760 1993 in
782 1936 839 1996 hoo
860 1937 1014 1997 notissimo
1036 1957 1125 1997 versu
1146 1935 1295 1995 adhibitus
1310 1942 1370 1996 est:

287 2029 382 2117 ariscio
412 2035 476 2098 ioasi
505 2031 610 2107 πόσιος
635 2033 687 2094 καὶ
711 2029 834 2112 ἐδητύος
861 2034 892 2110 ἐξ
913 2035 982 2116 ἔρον
1004 2033 1070 2096 ἕντο
1091 2040 1130 2097 Α.
1149 2043 1219 2097 469.
1247 2038 1280 2097 Β.
1297 2043 1367 2099 432.

287 2141 412 2200 11328.
436 2141 527 2200 192.
547 2145 618 2198 222.
647 2139 684 2196 Ψ.
702 2140 751 2200 57.
775 2139 815 2198 Ω.
834 2147 904 2202 632.
927 2162 953 2220 y.
971 2139 1042 2200 473.
1065 2137 1091 2198 ὅ.
1110 2146 1158 2200 68.
1181 2144 1214 2198 θ.
1231 2142 1280 2200 72.
1296 2145 1367 2200 485.

285 2263 315 2319 μ.
332 2247 402 2302 eos.
432 2239 456 2313 ξ.
474 2247 544 2301 454.
573 2261 597 2300 ο.
617 2245 685 2300 143.
709 2247 779 2302 eos.
805 2247 874 2303 501.
905 2263 935 2300 a.
954 2247 1002 2302 ea.
1019 2246 1089 2301 480.
1113 2263 1139 2319 ρ.
1155 2247 1204 2300 aa.
1234 2263 1321 2324 quem
1343 2244 1369 2304 si

284 2361 351 2403 oum
374 2343 408 2402 0.
430 2342 575 2402 Muellsro
597 2343 679 2420 (hist.
700 2344 757 2403 litt.
782 2344 830 2402 Gr.
852 2347 878 2403 1.
899 2365 928 2420 p.
947 2344 999 2420 58)
1028 2363 1082 2420 pro
1104 2345 1169 2404 vari
1197 2345 1286 2404 simili
1315 2365 1368 2422 po-

284 2445 383 2505 nimus
415 2447 621 2504 hexametrum
648 2445 708 2503 iam
736 2446 769 2503 in
797 2445 964 2524 antiquiore
985 2445 1070 2521 poesi
1097 2448 1238 2507 usitatum
1266 2448 1366 2521 fuisse,

284 2551 379 2608 totum
402 2565 440 2606 ex
461 2546 591 2606 Aeoliois
620 2545 798 2606 earminibus
826 2567 890 2607 esse
919 2548 1062 2608 adsoitum
1092 2551 1210 2608 eredere
1240 2569 1301 2608 non
1328 2551 1369 2612 sit

283 2649 418 2710 absimile
439 2668 537 2730 neque
552 2650 696 2708 absonum
711 2657 774 2710 erat
789 2651 917 2726 Bergkio
941 2650 1021 2728 (hist.
1038 2651 1097 2710 litt.
1114 2651 1162 2710 Gr.
1179 2652 1202 2710 I.
1226 2671 1255 2728 p.
1272 2653 1365 2730 869.)

196 2773 199 2792 ¹
283 2751 410 2831 Proprie
432 2771 503 2814 varo
520 2753 616 2811 Marte
638 2754 740 2810 auotor
761 2757 911 2812 extremae
928 2753 1075 2831 Odysseae
1090 2753 1184 2830 pertis
1206 2773 1272 2812 enm
1294 2774 1367 2830 pau·

285 2855 379 2914 lulum
401 2855 623 2915 transformavit
643 2854 676 2911 in
697 2854 777 2914 huno
797 2856 932 2914 modum:
955 2854 985 2914 οἳ
1007 2847 1033 2914 δ’
1047 2852 1109 2914 ἐπεὶ
1133 2841 1188 2914 οὖν
1204 2855 1295 2916 σίτοιο
1318 2875 1367 2934 με·

283 2955 425 3035 λίφρονος
453 2954 483 3028 ἐξ
505 2953 572 3035 ἔρον
595 2951 659 3014 ἕντο
683 2977 716 3014 oo.
732 2961 802 3015 489.
833 2963 922 3036 atqua
948 2958 1105 3016 formulam
1132 2964 1284 3019 mutarunt
1313 2961 1366 3038 qui

284 3062 454 3135 punxerunt
470 3059 509 3116 N.
526 3062 586 3119 638
609 3053 638 3128 ἐξ
653 3054 722 3132 ἔρον
741 3049 816 3116 εἶναι
833 3051 960 3134 (pilam
975 3055 1026 3117 καὶ
1043 3052 1208 3136 ὀρχηθμοῖο
1218 3095 1260 3106 -
1274 3053 1295 3138 ἢ
1309 3082 1366 3121 πο-

284 3153 386 3236 λέμου)
410 3164 439 3219 at
462 3158 502 3217 Ω.
521 3161 598 3218 227:
630 3152 705 3234 ἐπὴν
727 3151 800 3237 γόου
823 3157 853 3230 ἐξ
875 3157 943 3237 ἔρον
961 3157 1024 3235 εἴην
1039 3162 1073 3220 in
1089 3163 1187 3234 axitu3
1209 3165 1261 3222 sed
1275 3165 1365 3241 plane

284 3260 467 3320 aformulaa
490 3261 587 3337 speeie
610 3261 734 3323 desoivit
755 3262 902 3321 recentior
923 3262 993 3322 libri
1015 3278 1032 3320 o
1052 3271 1156 3340 poeta:
1184 3261 1241 3348 ἔρῳ
1264 3259 1291 3324 ‹i'
1307 3259 1365 3344 ἄρα

284 3353 388 3438 θυμὸν
409 3359 550 3440 ἔθελχθεν
571 3378 596 3421 o.
617 3369 686 3422 212.
737 3364 783 3422 De
804 3363 946 3438 iambogr.
968 3386 1025 3424 usu
1045 3387 1073 3426 v.
1095 3367 1224 3428 Renner.
1245 3389 1274 3445 p.
1292 3375 1363 3431 283.

375 3466 407 3546 2)
436 3467 593 3552 Praeterea
626 3485 691 3526 oum
720 3461 803 3544 γέλος
827 3485 882 3542 pro
912 3463 1001 3544 γέλως
1030 3469 1226 3528 Aeolensibus
1255 3491 1363 3548 magno

284 3587 432 3630 consensu
452 3571 599 3634 adsertum
622 3573 711 3640 esset,
734 3587 795 3626 non
816 3569 879 3628 sina
901 3571 965 3629 veri
988 3572 1085 3648 speeie
1102 3573 1197 3630 eidem
1213 3573 1363 3634 Aeolismo

283 3669 444 3730 Homerico
466 3671 662 3731 Buttmannus
685 3675 715 3728 et
737 3671 900 3730 Ahrensius
922 3673 1062 3734 velificati
1085 3679 1168 3744 sunt;
1190 3679 1290 3734 tamen
1312 3677 1365 3736 alii

285 3774 348 3834 eiua
368 3773 480 3832 formae
502 3773 587 3833 valde
610 3773 790 3845 satagebant.
832 3775 957 3835 Notavit
978 3775 1096 3856 quidem
1118 3776 1304 3838 Meineolriua
1318 3763 1363 3838 ¹de

283 3876 370 3936 Alex.
394 3875 500 3938 Aetolo
522 3875 555 3932 in
576 3873 652 3933 anal.
674 3874 760 3934 Alex.
783 3895 812 3951 p.
829 3881 899 3935 222.
921 3878 1132 3938 Buttmannum
1153 3879 1217 3956 ipae
1241 3898 1257 3938 e
1278 3879 1363 3940 libris

283 3976 482 4038 aeonsativum
496 3972 570 4056 γέλω
586 3977 640 4054 (=
655 3973 727 4054 ἱδρῶ
744 3980 779 4034 Δ.
794 3978 843 4037 27.
860 3979 897 4038 Κ.
911 3981 981 4040 572.
998 3981 1035 4040 67
1040 3985 1066 4040 4.
1090 3983 1128 4038 Λ.
1144 3987 1214 4042 621.
1240 3981 1277 4040 Φ.
1290 3987 1360 4042 561.

287 4080 326 4140 X.
341 4085 369 4138 2.
398 4098 451 4155 pro
481 4075 607 4158 ἱδρῶτα,
639 4080 718 4158 quod
746 4081 910 4141 Ahrensius
938 4074 1024 4159 ῑὸρόα
1049 4109 1093 4134 =
1118 4075 1191 4161 χρόα
1220 4089 1254 4144 ut
1283 4079 1365 4164 ἱδρόϊ

285 4181 317 4240 Ρ.
335 4185 404 4238 385.
422 4180 492 4240 745.
514 4180 701 4240 scribendum
715 4185 881 4260 proposuit,
903 4185 953 4244 vel
969 4186 1065 4244 κυκεῶ
1082 4185 1117 4244 Κ.
1133 4189 1204 4245 290.
1221 4191 1290 4244 315.
1307 4207 1360 4264 pro

281 4281 430 4357 κυκεῶνα,
460 4303 488 4342 v.
511 4283 590 4343 Ourt.
617 4283 650 4342 in
672 4304 714 4360 gr.
738 4286 787 4346 Gr.
810 4285 836 4363 ξ.
855 4291 922 4345 169.
946 4287 982 4348 V.
1011 4289 1168 4364 Brugman.
1198 4286 1282 4349 Stud.
1305 4293 1359 4354 IV.
