3126 5256
826 706 889 772 154

314 885 403 945 quom
417 866 516 924 etiam
533 863 566 921 Θ.
582 864 643 922 878
666 863 801 922 ultimam
816 863 958 940 syllabam
978 863 1060 921 vocis
1077 859 1277 938 προφανείσας
1291 864 1412 923 Dorico

314 955 416 1041 more,
446 967 496 1047 qui
518 964 690 1041 Hesiodo¹)
712 965 832 1045 quidem
853 964 980 1024 usitatus
1003 964 1052 1022 sed
1075 965 1113 1023 ob
1135 964 1266 1024 Homero
1288 965 1414 1024 eiienus

314 1069 387 1140 fuit,
419 1071 585 1144 correptam
615 1065 693 1126 siout
712 1066 901 1125 Herodianus
928 1066 968 1142 (r.
988 1065 1150 1136 Duentzer.
1173 1065 1209 1123 de
1230 1067 1300 1124 Zeu.
1324 1065 1409 1126 stud.

312 1169 401 1228 Hom.
415 1191 443 1246 p.
458 1175 509 1228 22.
529 1173 598 1226 144.
615 1187 644 1226 n.
658 1167 699 1244 2),
721 1167 861 1226 Boeotico
877 1172 976 1226 eutem
990 1167 1039 1226 vei
1053 1166 1175 1226 Aeolioo
1191 1186 1279 1246 quem
1296 1168 1411 1226 suadet

313 1274 459 1330 retractus
482 1275 620 1328 occentus
639 1267 672 1325 Θ.
688 1269 759 1327 470.
783 1260 848 1340 ἔας,
869 1267 969 1327 nescio
988 1287 1027 1326 on
1042 1259 1127 1338 αὔας,
1148 1287 1203 1344 pro
1218 1261 1305 1342 ἠοῦς,
1327 1269 1409 1328 item

313 1369 456 1446 φλίψεννι
481 1371 614 1451 elie-sque
635 1369 771 1429 Aeolicus
792 1370 902 1428 formos
924 1369 1084 1444 scripserat
1105 1374 1136 1427 et
1156 1389 1211 1446 pro
1232 1369 1408 1430 insolitiore

312 1474 409 1532 forme
422 1464 566 1549 μάρτυροι
578 1471 731 1546 vulgarem
745 1462 893 1546 μάρτυρες
904 1470 1009 1550 utique
1021 1470 1203 1546 praetulerat
1218 1470 1259 1548 (v.
1270 1471 1405 1532 Dueutz.

312 1594 340 1650 p.
360 1578 408 1632 53.
431 1575 559 1633 Leroch.
578 1595 606 1650 p.
624 1571 698 1650 308)
710 1571 747 1648 ³).
791 1573 869 1630 Eum
885 1575 984 1630 eutem
1001 1572 1166 1630 Homerum
1185 1571 1301 1646 origine
1317 1573 1405 1631 Ioui·

311 1695 379 1734 cum
399 1675 540 1736 hcbuisse
561 1655 809 1737 verisimillimum
837 1679 900 1734 est.¹
934 1673 1047 1732 Eodem
1073 1672 1160 1732 modo
1182 1673 1405 1749 Aristophanes

312 1778 477 1855 Byzantius
497 1777 531 1835 in
561 1777 646 1837 veria
664 1775 793 1835 lectione
820 1772 957 1849 eligendo
982 1774 1015 1832 in
1041 1774 1212 1833 Ionicarum
1237 1775 1404 1834 formarum

312 1866 439 1956 {satiem
456 1878 680 1949 diiudicaverat,
699 1877 778 1955 quod
793 1875 860 1934 luce
877 1875 986 1934 clarius
1000 1875 1108 1933 docent
1120 1875 1270 1952 scripturo
1280 1875 1401 1936 Rhieuo

312 2000 432 2060 quoque
454 1979 598 2050 Cretensi,
620 1977 827 2036 Eratosthenis
849 1975 966 2056 aequali
977 1977 1016 2054 4),
1038 1978 1166 2054 probato
1187 1972 1322 2034 siverdus
1343 1997 1400 2055 pro
1495 1959 1499 1969 ¹

311 2075 456 2142 ἕννυσθαι
473 2079 495 2152 ξ.
510 2084 580 2139 222.
600 2084 631 2137 et
647 2079 764 2156 saepius
783 2076 832 2154 (cf.
851 2074 1028 2136 ἐπείνυσθαι
1043 2073 1095 2156 ep.
1106 2078 1217 2137 Herod.
1235 2079 1288 2138 IV.
1305 2098 1330 2138 c.
1344 2079 1399 2156 64)

310 2182 447 2262 eliaeque
475 2182 511 2239 de
542 2179 648 2260 quibus
677 2179 848 2239 conferendi
878 2184 947 2238 sunt
972 2181 1123 2239 Neuekius
1145 2179 1238 2244 Arist.
1259 2180 1331 2257 Byr.
1359 2180 1397 2239 fr.

310 2303 339 2360 p.
358 2289 407 2342 38.
423 2284 472 2341 47.
495 2284 622 2342 Leroeh.
644 2303 673 2360 p.
690 2288 740 2341 48.
763 2315 805 2326 -
827 2281 920 2342 Paulo
938 2281 1025 2340 aliter
1039 2280 1231 2340 Aristarchus
1253 2282 1323 2356 egit,
1346 2281 1399 2360 qui

311 2389 430 2462 poetam
451 2403 513 2444 non
534 2378 671 2446 Ionicum
698 2385 749 2443 sed
766 2383 985 2456 'Atheniensem
1006 2382 1097 2441 fuisse
1125 2386 1155 2441 et
1175 2381 1256 2442 iuter
1277 2382 1398 2442 colonos

309 2487 342 2544 in
364 2473 467 2545 Asiom
488 2477 631 2560 migrasse
659 2505 833 2563 persuasum
860 2485 967 2543 hebuit
994 2503 1060 2543 oum
1082 2483 1240 2558 Theogene
1261 2484 1396 2558 Rhegino

309 2588 500 2646 consentiens
511 2587 549 2665 ⁵),
573 2605 664 2666 quere
684 2607 747 2666 non
763 2586 857 2644 solum
878 2591 912 2644 ut
927 2605 991 2644 cem
1013 2585 1211 2662 suspicionem
1226 2585 1396 2658 defenderet

309 2687 581 2747 constructionibus
597 2689 768 2747 Atticorum
784 2687 1010 2746 consuetudines
1032 2687 1230 2746 referentibus
1251 2686 1394 2745 rimandis

309 2789 450 2848 adcurate
477 2789 616 2847 adtentus
644 2789 702 2847 fuit
723 2788 897 2868 Atticosque
924 2807 1014 2868 quem
1042 2787 1183 2864 plurimas
1210 2789 1320 2846 formos
1347 2807 1393 2846 re·

246 2901 251 2920 .
310 2889 444 2967 copiti),
468 2890 627 2950 sedetiam
649 2889 835 2950 severissime
856 2889 1038 2950 insolitiores
1061 2889 1253 2949 dialectorum
1273 2889 1392 2964 formes,

311 2990 470 3070 praecipue
486 2991 630 3067 Aeolicus,
653 2993 832 3074 ubicumque
853 2993 939 3052 licuit
957 2993 1094 3068 anologio
1113 2997 1217 3069 utpote
1234 2991 1393 3051 iustissime

377 3179 404 3238 ν)
422 3179 453 3226 cr.
470 3165 567 3241 τροπᾶς
590 3177 684 3241 suopte
708 3165 800 3244 poeste
822 3174 918 3244 (νῆσᾶς
934 3180 967 3226 u:
982 3180 1039 3228 521.
1065 3193 1113 3228 see.
1130 3175 1275 3248 ecrousen.)
1292 3178 1341 3224 uu
1356 3191 1392 3238 ap.

235 3293 237 3298 ,
313 3264 474 3310 Matthieeum
490 3277 527 3322 gr.
546 3262 590 3310 Gr.
608 3263 632 3323 §-
645 3264 686 3312 68.
704 3278 728 3324 p.
744 3267 801 3312 186.
830 3262 963 3324 Goettiing.
979 3264 1040 3311 Hes.
1060 3278 1098 3324 pr.
1117 3277 1141 3324 p.
1155 3261 1259 3309 XXXII.
1282 3263 1392 3310 Meineke'

313 3349 380 3396 suoi.
399 3349 470 3396 Alex.
489 3363 513 3407 p.
527 3348 585 3396 282.
610 3348 716 3398 Ahrens.
734 3349 766 3396 de
783 3349 848 3396 mist.
866 3363 890 3409 p.
905 3351 944 3398 74.
968 3343 1154 3400 Foeritemcnn.
1172 3347 1202 3396 de
1220 3347 1276 3395 diei.
1294 3345 1391 3395 Hesiod.

308 3447 331 3480 c.
342 3432 386 3478 IV.
410 3432 467 3478 Hui.
483 3430 542 3478 Sex.
562 3435 635 3480 1868.

380 3513 406 3576 3)
424 3516 454 3560 V.
473 3513 639 3572 Greeienhen.
657 3517 672 3561 1.
686 3518 704 3563 l.
723 3517 743 3564 1.
761 3532 786 3577 p.
800 3517 858 3564 642.
893 3519 958 3566 Male
976 3518 1034 3564 iecit
1051 3517 1174 3564 Ameisius
1191 3518 1243 3578 pb
1268 3517 1333 3576 quod
1355 3516 1392 3562 hic

310 3599 426 3646 Aeolicee
438 3597 564 3658 Odysseae
583 3599 696 3646 editionis
713 3601 783 3658 quusi
801 3615 816 3647 e
833 3601 937 3648 dialecto
956 3601 990 3648 sic
1007 3604 1096 3648 vocate
1112 3603 1178 3648 esset
1194 3601 1342 3648 mentionem
1357 3599 1390 3645 in·

308 3685 380 3742 iecit,
405 3697 479 3742 quam
496 3681 636 3742 opinionem
654 3682 686 3729 ab
702 3682 804 3732 Osonno
822 3685 913 3744 quippe
930 3685 1035 3742 mirante
1053 3685 1119 3743 qnod
1141 3685 1209 3732 nulle
1226 3686 1307 3732 adleta
1324 3684 1389 3731 lectio

307 3768 435 3818 Aeolidem
448 3771 645 3830 repraesentorct
662 3767 687 3814 in
699 3769 793 3816 Anecd.
804 3770 874 3816 Rom.
893 3785 916 3830 p.
930 3770 980 3817 282
993 3769 1114 3829 prolatam
1125 3769 1275 3818 Ribbeckius
1289 3770 1314 3816 iu
1326 3769 1388 3817 lehn.

264 3861 267 3867 '
308 3868 367 3902 ann.
385 3870 409 3902 v.
424 3856 464 3904 66.
483 3869 508 3915 p.
521 3855 536 3900 9
549 3860 574 3900 et
584 3853 688 3914 Sergeb.
701 3854 723 3900 1.
740 3869 766 3916 p.
776 3855 825 3903 190
837 3855 1014 3913 refutaverunt,
1032 3869 1088 3902 eum
1099 3855 1263 3902 Buttmannus
1276 3869 1330 3902 eom
1341 3855 1388 3902 inre

307 3941 372 3988 inter
389 3934 520 3995 πολιτικὰς
537 3939 656 3987 editiones
674 3953 736 3998 quse
754 3938 905 3999 temporibus
928 3939 993 3988 bello
1009 3939 1219 3998 Peloponnesiaco
1236 3939 1389 3986 interioribus

306 4024 423 4086 (sengeb.
439 4025 458 4071 Ι.
476 4039 501 4084 p.
515 4026 571 4072 184.
597 4023 628 4069 Π.
653 4039 678 4084 p.
693 4024 735 4088 74)
760 4023 844 4070 Ionico
868 4023 1000 4084 alphabeto
1024 4025 1159 4072 recentiore
1185 4024 1292 4084 scriptae
1317 4022 1387 4087 (Gies.

307 4124 331 4170 p.
345 4109 501 4170 188-167)
525 4109 573 4156 tide
595 4107 694 4169 publico
712 4113 738 4156 et
760 4108 904 4156 auctoritate
927 4109 1097 4170 promulgatae
1120 4113 1191 4158 erunt
1213 4113 1387 4170 enumerasset3

309 4209 334 4240 v.
352 4195 484 4243 Duenteer.
502 4207 527 4252 p.
540 4196 581 4241 to.

376 4278 403 4342 4)
422 4293 446 4324 ν.
463 4277 577 4324 Meineke
595 4279 660 4324 unul.
679 4277 750 4326 Alex.
769 4292 792 4336 p.
806 4280 862 4324 174.

377 4361 403 4427 6)
421 4365 453 4412 ci.
472 4361 578 4422 Sengeb.
598 4362 623 4410 11
648 4377 673 4422 p.
687 4364 711 4412 6.
733 4362 753 4408 1.
770 4376 795 4422 p.
809 4363 851 4410 et.
883 4361 954 4409 Iohn.
972 4377 1028 4410 eun.
1045 4377 1070 4424 p.
1085 4365 1143 4412 868.
1162 4365 1220 4412 612.
1342 4399 1347 4406 .

338 4489 340 4496 ,
378 4448 404 4511 6)
421 4447 604 4496 Friedloender.
617 4446 694 4495 Arist.
707 4461 732 4508 p.
746 4448 785 4496 16.
804 4462 828 4494 ν.
839 4448 861 4494 2.
881 4447 1003 4506 (undavit
1013 4447 1104 4498 Ameis.
1117 4464 1143 4510 p.
1153 4449 1189 4510 6).
1215 4447 1302 4492 Ινιιεν.
1315 4457 1339 4502 p.
1349 4446 1384 4494 88.

309 4544 333 4576 ν.
347 4530 389 4576 48.
413 4532 518 4594 Sengob.
535 4547 560 4593 p.
574 4533 630 4581 268.
657 4531 761 4580 Lerocb.
779 4546 803 4592 p.
816 4534 874 4580 387.
886 4534 944 4581 896.
958 4533 1017 4580 428.
