3126 5256
704 439 746 504 83

178 589 265 674 pete
286 589 365 671 (ritui
386 613 451 656 voc.
471 613 519 672 ep.
541 595 570 654 8.
592 595 629 654 tr.
647 599 696 666 45,
719 595 749 672 1)
771 600 802 654 et
822 589 927 670 χέλῦοο
949 613 1004 671 pro
1027 589 1137 670 χὲλοὸοη
1159 613 1268 673 conpe-

179 703 291 768 rientes,
314 716 341 756 v.
363 697 436 756 Ahr.
458 717 485 773 p.
504 702 554 755 98.
597 695 718 756 Scilicet
738 699 864 756 fortasse
888 699 1019 776 Phrygio
1045 697 1113 758 duci
1136 698 1268 778 antiquis

180 819 221 862 ex
249 798 428 858 carminibus
456 798 610 858 Aeolicum
638 818 745 858 nomen
777 799 854 858 sicut
880 799 990 858 Priami
1022 799 1084 860 tilio
1115 801 1269 860 Pammeni

182 901 225 976 (n.
244 901 294 976 18)
318 905 383 963 erist
403 900 539 960 inditum.

267 1001 301 1060 B.
347 1021 371 1060 co
391 995 515 1080 pro‘on.
560 1042 562 1048 ·
1029 1025 1031 1032 ·

267 1102 298 1179 3)
321 1103 503 1164 Pordiffioile
525 1104 672 1162 deforma
688 1101 752 1179 βῶν
771 1103 810 1162 Η.
827 1109 887 1162 238
906 1103 1039 1181 (clypeus
1058 1103 1186 1180 pellibus
1201 1109 1266 1162 tau·

180 1203 256 1266 riuis
277 1205 453 1283 instructus)
475 1206 600 1267 iudicari
623 1210 730 1283 potest,
754 1221 829 1282 quae
852 1225 869 1264 a
892 1205 982 1264 sohel.
998 1205 1109 1266 Dorica
1131 1225 1169 1264 ου
1191 1205 1222 1264 in
1245 1225 1269 1264 co

180 1308 354 1380 mutatione,
374 1309 413 1366 ab
433 1308 607 1366 Herodiano
630 1329 661 1366 π.
679 1327 743 1382 μον.
762 1303 817 1378 λέξ.
836 1309 863 1378 7,
883 1313 921 1366 24
941 1312 972 1365 et
988 1325 1006 1366 a
1023 1307 1176 1366 Priscieno
1193 1311 1271 1366 Aeo·

180 1408 256 1476 lios,
285 1408 319 1468 in
341 1410 376 1468 E.
396 1410 437 1482 Μ.
456 1431 485 1486 p.
500 1410 571 1481 277,
589 1416 628 1468 20
654 1409 771 1482 Ionica,
803 1411 840 1468 ab
864 1408 991 1468 Arcadio
1023 1402 1097 1466 sord
1119 1401 1272 1466 διάλεκτον

180 1511 279 1592 τροπῇ
301 1510 468 1587 explicatur
489 1530 543 1587 pro
566 1508 642 1586 βοῦν
665 1512 705 1588 (v.
727 1513 798 1573 Ale.
817 1511 858 1570 11.
882 1509 996 1588 p.165.
1017 1515 1084 1568 166.
1108 1531 1138 1569 n.
1154 1515 1200 1570 16.
1224 1511 1271 1570 17.

181 1633 210 1688 p.
225 1615 274 1672 27.
294 1634 323 1672 ιι.
337 1618 365 1672 6.
389 1614 413 1670 Ι.
430 1632 459 1689 p.
471 1612 535 1688 94).
578 1614 646 1672 Hoc
669 1613 788 1693 quidem
803 1613 1019 1689 Aristophanes
1034 1611 1198 1690 Byzantius
1212 1611 1271 1684 legi

180 1711 327 1786 voluerat,
348 1714 381 1772 in
404 1713 487 1772 cuius
509 1715 689 1774 seutentiam
711 1715 857 1778 concessit
880 1713 1032 1774 Nauckins
1053 1714 1089 1771 fn.
1111 1717 1162 1772 Ar.
1187 1733 1215 1789 p.
1234 1717 1272 1770 54

149 1894 152 1898 ,
181 1811 248 1890 βῶν
268 1820 372 1892 utpote
396 1835 412 1872 e
434 1813 510 1872 falsa
531 1816 779 1894 palaeographice
800 1816 1048 1893 interpretatione
1063 1820 1167 1872 natum
1188 1819 1274 1873 autu·

181 1934 275 1994 mans.
320 1917 378 1976 Sed
399 1916 501 1992 lapsus
523 1918 655 1995 estquis
676 1915 750 1991 βοῦν
773 1919 864 1986 hebet
878 1918 1037 1992 genuinam
1052 1915 1274 1992 diphthongum

182 2035 238 2096 per
261 2017 521 2088 occumbendum,
551 2037 612 2076 non
635 2037 739 2078 sonum
761 2018 956 2094 productione
978 2023 1084 2078 ortum.
1129 2016 1274 2092 Didymus

184 2122 284 2176 autem
307 2117 360 2194 (M.
380 2117 522 2179 Schmidt.
541 2137 572 2195 p.
591 2120 662 2194 131)
685 2119 728 2177 sic
750 2119 900 2180 adhibuit:
923 2117 1001 2195 dciv·
1026 2109 1120 2186 οὕτως
1143 2115 1177 2174 αἱ
1192 2111 1273 2192 Ἀρι·

183 2209 312 2295 πάοχου
327 2217 390 2292 βῶν
405 2211 460 2292 osiv
482 2219 524 2297 τῷ
539 2239 565 2276 ν.
589 2211 609 2294 ἡ
627 2213 865 2295 Ἀριστοφάνους
887 2219 969 2295 βοῦν.
993 2215 1069 2288 τινὲς
1087 2213 1119 2276 δὲ
1142 2215 1197 2288 ἔξω
1220 2219 1274 2276 τοῦ

183 2340 202 2380 ν
220 2317 266 2394 dei
281 2316 329 2378 xci
345 2313 462 2394 μήποτε
477 2322 627 2392 πιθανοῖς,
651 2316 719 2379 ἀντὶ
736 2322 790 2378 τοῦ
808 2313 878 2396 βόα,
900 2322 951 2380 ubi
967 2322 1058 2380 schol.
1075 2322 1109 2380 V.
1130 2339 1184 2398 pro
1202 2314 1276 2390 usic

184 2421 348 2496 Herodieni
372 2441 479 2482 nomen
501 2421 666 2486 inculcasse
682 2422 825 2484 Lentaius
846 2444 874 2502 p.
892 2424 994 2483 cxix
1017 2422 1133 2482 censuit
1158 2424 1198 2500 (v.
1218 2424 1275 2480 Lo·

185 2523 268 2584 beck.
299 2525 381 2599 path.
405 2525 441 2584 el.
463 2527 487 2584 I.
510 2544 540 2601 p.
558 2531 629 2585 256.
662 2527 703 2586 Il.
726 2547 754 2603 p.
773 2525 854 2602 108).
904 2526 1012 2586 Nescio
1039 2545 1077 2584 en
1105 2544 1165 2583 non
1195 2529 1275 2584 recte

184 2625 358 2685 Herodiano
376 2621 478 2684 eadem
494 2627 654 2702 explicatio
670 2627 846 2698 vindicetur,
866 2627 917 2704 qni
931 2626 1071 2685 Aeolismi
1085 2624 1181 2684 favori
1198 2625 1273 2682 veli-

184 2727 291 2787 litatus
309 2731 355 2787 est
376 2726 552 2802 scriptumm
569 2725 632 2799 βοῑο
649 2729 835 2802 praeferens;
859 2727 957 2802 potuit
975 2727 1055 2786 enim
1073 2723 1137 2798 βοῦν
1152 2723 1274 2782 Aeolios

109 2885 110 2890 ,
184 2845 242 2904 pro
264 2819 365 2902 βόο(ν)
393 2827 504 2889 habere
533 2825 609 2886 sicut
631 2827 708 2901 χοῶν
730 2845 776 2902 ap.
799 2827 827 2884 8.
851 2829 888 2884 fr.
907 2833 934 2898 2,
958 2832 994 2884 10
1021 2828 1059 2886 ab
1081 2823 1230 2882 Ahrensio
1249 2825 1274 2882 I.

186 2947 217 3006 p.
237 2931 296 2986 113
318 2925 498 2998 restitutum,
521 2945 539 2986 a
557 2927 685 3000 Bergkio
709 2927 827 3005 quidem
845 2927 1031 3004 repudiatum
1053 2944 1107 3000 pro
1124 2917 1197 3002 χρόα
1212 2925 1274 2984 Ho-

185 3028 298 3092 merico
316 3033 348 3089 et
362 3028 465 3088 Attico
483 3033 582 3090 exsht
595 3029 649 3106 ¹(of.
671 3027 787 3086 πείθων
801 3048 855 3105 pro
872 3022 983 3086 οεοθόα
993 3053 1036 3078 =
1049 3020 1157 3096 πειθώ,
1181 3024 1276 3088 oi'dew

185 3149 243 3209 pro
270 3121 359 3189 clddc
373 3155 417 3181 =
431 3123 543 3206 attuit.
572 3131 729 3191 Nostrates
757 3137 858 3190 mrtem
883 3131 1007 3192 formam
1036 3126 1099 3204 βῶν
1127 3130 1302 3206 duplicem

187 3232 423 3310 contractionem
432 3229 551 3309 passam
562 3252 626 3292 esse
641 3237 822 3300 statuerunt:
846 3233 973 3308 primum
990 3230 1091 3306 βοείην
1106 3239 1275 3309 correptum

185 3334 220 3396 in
242 3329 334 3408 βοέην
356 3333 457 3410 (peliis
470 3335 603 3407 hunus,
634 3340 707 3394 v.2.
727 3339 795 3394 142.
819 3326 902 3408 βόεια
923 3336 1045 3392 Δ.122.
1070 3331 1172 3408 βοείας
1188 3329 1276 3392 derri-

188 3433 245 3504 δας
262 3435 299 3492 Ε.
312 3433 416 3515 45213.
440 3437 484 3499 Μ.
497 3434 600 3512 425)6.
623 3433 723 3509 βοείας
740 3455 794 3511 pro
813 3435 904 3494 subst.
929 3435 964 3490 Δ.
981 3439 1048 3494 162.
1073 3435 1103 3492 Ρ.
1118 3441 1189 3495 389.
1203 3441 1274 3495 492.

189 3537 226 3596 Σ.
241 3541 312 3599 582.
337 3537 375 3596 X.
391 3540 450 3596 158
467 3537 536 3612 eto.)
558 3536 590 3596 in
607 3533 692 3610 βοῆν,
715 3541 779 3596 tum
794 3536 897 3596 Ionice
920 3555 957 3610 οη
973 3536 1006 3594 in
1022 3556 1046 3594 ω
1068 3536 1220 3608 transisse,
1244 3543 1278 3596 ut

190 3643 237 3700 est
257 3638 291 3696 in
320 3629 491 3715 treatment
508 3649 542 3710 ψ.
562 3642 611 3694 95.
640 3631 813 3714 ὀγδώκοντα
837 3637 869 3696 Β.
886 3641 956 3697 652.
987 3630 1116 3712 βάσανοι
1141 3638 1186 3696 Μ.
1205 3639 1275 3696 337.

191 3731 377 3814 ἐπιβώσομαι
406 3760 433 3798 α.
453 3741 513 3798 378
541 3735 645 3816 (isicius
667 3759 695 3800 r.
718 3742 847 3798 Renner.
864 3740 887 3797 I.
911 3743 936 3798 1.
959 3757 988 3816 p.
1007 3738 1080 3814 184)
1101 3736 1216 3813 βοθεῖν
1236 3739 1278 3816 (v.

192 3841 343 3902 Grasshof.
359 3841 391 3902 in
401 3840 483 3902 Dias.
495 3845 565 3900 Ant.
583 3842 658 3900 stud.
675 3861 704 3918 p.
718 3846 789 3900 586.
805 3839 923 3916 (1837).
943 3842 1035 3902 Bekk.
1051 3841 1142 3900 sebed
1153 3841 1241 3900 Hom.
1253 3841 1278 3900 I.

192 3963 221 4019 p.
235 3943 318 4019 231),
340 3961 418 4022 quae
434 3943 511 4002 ratio
528 3963 544 4001 e
561 3942 684 4004 notione
701 3963 756 4019 pes
771 3961 803 4000 ss
819 3943 973 4019 probabile
991 3943 1119 4013 videtur,
1142 3942 1193 4002 sed
1210 3943 1280 4021 quia

192 4043 262 4108 talis
284 4044 449 4115 contrectio
467 4045 556 4104 certis
573 4044 716 4122 exemplis
739 4049 821 4106 caret
842 4044 993 4106 reicienda
1010 4053 1070 4112 est3
1098 4042 1201 4121 itaque
1219 4065 1279 4106 non

194 4191 279 4237 ruse,
305 4180 488 4227 terminationes
506 4195 536 4235 ος
552 4195 580 4228 οι
605 4179 637 4226 sb
658 4179 728 4227 initio
752 4190 851 4240 semper
875 4181 961 4239 longas
984 4179 1073 4236 {sisse3
1099 4189 1158 4236 ergo
1176 4173 1281 4243 Φόρκυς

196 4259 225 4312 Β.
238 4265 286 4312 882
307 4266 408 4315 forsitan
427 4269 493 4312 secte
510 4279 537 4315 ss
555 4265 630 4314 habet
647 4266 761 4325 quamvis
777 4267 803 4312 in
821 4270 891 4324 parte
909 4264 1083 4314 recentissima.

1031 4344 1078 4406 6*
