<?xml version="1.0" encoding="UTF-8"?>
<!DOCTYPE html PUBLIC "-//W3C//DTD XHTML 1.0 Transitional//EN"
    "http://www.w3.org/TR/xhtml1/DTD/xhtml1-transitional.dtd">
<html xmlns="http://www.w3.org/1999/xhtml" xml:lang="en" lang="en">
 <head>
  <title>
</title>
<meta http-equiv="Content-Type" content="text/html;charset=utf-8" />
  <meta name='ocr-system' content='tesseract 3.04.00' />
  <meta name='ocr-capabilities' content='ocr_page ocr_carea ocr_par ocr_line ocrx_word'/>
</head>
<body>
  <div class='ocr_page' id='page_1' title='image "./dehomericaeeloc00hinrgoog_0147.png"; bbox 0 0 3126 5256; ppageno 0'>
   <div class='ocr_carea' id='block_1_1' title="bbox 820 0 1344 1">
    <p class='ocr_par' dir='ltr' id='par_1_1' title="bbox 820 0 1344 1">
     <span class='ocr_line' id='line_1_1' title="bbox 820 0 1344 1; baseline 0 0"><span class='ocrx_word' id='word_1_1' title='bbox 820 0 1344 1; x_wconf 95' lang='lat' dir='ltr'><strong> </strong></span> 
     </span>
    </p>
   </div>
   <div class='ocr_carea' id='block_1_2' title="bbox 807 703 868 770">
    <p class='ocr_par' dir='ltr' id='par_1_2' title="bbox 807 703 868 770">
     <span class='ocr_line' id='line_1_2' title="bbox 807 703 868 770; baseline 0.033 -2"><span class='ocrx_word' id='word_1_2' title='bbox 807 703 868 770; x_wconf 82' lang='grc'><strong>138</strong></span> 
     </span>
    </p>
   </div>
   <div class='ocr_carea' id='block_1_3' title="bbox 289 855 1438 4620">
    <p class='ocr_par' dir='ltr' id='par_1_3' title="bbox 290 855 1438 3792">
     <span class='ocr_line' id='line_1_3' title="bbox 295 855 1379 939; baseline 0 -19"><span class='ocrx_word' id='word_1_3' title='bbox 295 859 465 936; x_wconf 56' lang='grc' dir='ltr'><strong>φιλῇς-σθαι</strong></span> <span class='ocrx_word' id='word_1_4' title='bbox 480 860 519 936; x_wconf 70' lang='lat' dir='ltr'><strong>sjr</strong></span> <span class='ocrx_word' id='word_1_5' title='bbox 532 855 566 919; x_wconf 92' lang='lat' dir='ltr'><strong>in</strong></span> <span class='ocrx_word' id='word_1_6' title='bbox 579 877 600 934; x_wconf 79' lang='grc' dir='ltr'><em>η</em></span> <span class='ocrx_word' id='word_1_7' title='bbox 614 858 779 919; x_wconf 72' lang='lat' dir='ltr'><strong>coalescere</strong></span> <span class='ocrx_word' id='word_1_8' title='bbox 794 857 844 936; x_wconf 79' lang='lat' dir='ltr'><strong>(cf.</strong></span> <span class='ocrx_word' id='word_1_9' title='bbox 860 856 1006 934; x_wconf 57' lang='lat' dir='ltr'><strong>ecquem</strong></span> <span class='ocrx_word' id='word_1_10' title='bbox 1019 860 1088 939; x_wconf 84' lang='lat' dir='ltr'><strong>etc)</strong></span> <span class='ocrx_word' id='word_1_11' title='bbox 1103 865 1188 922; x_wconf 86' lang='lat' dir='ltr'><strong>etex</strong></span> <span class='ocrx_word' id='word_1_12' title='bbox 1206 858 1379 937; x_wconf 72' lang='lat' dir='ltr'><strong>dsdojoodc</strong></span> 
     </span>
     <span class='ocr_line' id='line_1_4' title="bbox 295 957 1381 1040; baseline 0 -16"><span class='ocrx_word' id='word_1_13' title='bbox 295 964 386 1024; x_wconf 85' lang='lat' dir='ltr'><strong>etism</strong></span> <span class='ocrx_word' id='word_1_14' title='bbox 408 957 545 1022; x_wconf 69' lang='lat' dir='ltr'><strong>tenues</strong></span> <span class='ocrx_word' id='word_1_15' title='bbox 559 961 682 1022; x_wconf 89' lang='lat' dir='ltr'><strong>Aeolice</strong></span> <span class='ocrx_word' id='word_1_16' title='bbox 697 957 808 1022; x_wconf 76' lang='lat' dir='ltr'>exoriri</span> <span class='ocrx_word' id='word_1_17' title='bbox 825 960 943 1036; x_wconf 88' lang='lat' dir='ltr'><strong>debuit;</strong></span> <span class='ocrx_word' id='word_1_18' title='bbox 966 968 1173 1040; x_wconf 65' lang='lat' dir='ltr'><strong>exspectamus</strong></span> <span class='ocrx_word' id='word_1_19' title='bbox 1186 963 1281 1038; x_wconf 76' lang='lat' dir='ltr'><strong>igitur</strong></span> <span class='ocrx_word' id='word_1_20' title='bbox 1301 963 1381 1024; x_wconf 84' lang='lat' dir='ltr'><strong>huuc</strong></span> 
     </span>
     <span class='ocr_line' id='line_1_5' title="bbox 294 1059 1380 1148; baseline -0.002 -22"><span class='ocrx_word' id='word_1_21' title='bbox 294 1059 447 1126; x_wconf 77' lang='lat' dir='ltr'><strong>A&#39;eoiicsm</strong></span> <span class='ocrx_word' id='word_1_22' title='bbox 468 1061 642 1148; x_wconf 83' lang='lat' dir='ltr'><strong>flexionem:</strong></span> <span class='ocrx_word' id='word_1_23' title='bbox 670 1061 778 1137; x_wconf 75' lang='grc' dir='ltr'><strong><em>φίλημι</em></strong></span> <span class='ocrx_word' id='word_1_24' title='bbox 798 1062 891 1137; x_wconf 73' lang='grc' dir='ltr'><strong><em>φίλοις</em></strong></span> <span class='ocrx_word' id='word_1_25' title='bbox 914 1070 945 1124; x_wconf 85' lang='lat' dir='ltr'><strong>ct</strong></span> <span class='ocrx_word' id='word_1_26' title='bbox 965 1064 1101 1141; x_wconf 68' lang='lat' dir='ltr'><strong>‹pit-node</strong></span> <span class='ocrx_word' id='word_1_27' title='bbox 1122 1065 1200 1138; x_wconf 70' lang='grc' dir='ltr'><strong><em>φίλει</em></strong></span> <span class='ocrx_word' id='word_1_28' title='bbox 1223 1070 1254 1124; x_wconf 88' lang='lat' dir='ltr'><strong>et</strong></span> <span class='ocrx_word' id='word_1_29' title='bbox 1275 1082 1380 1124; x_wconf 86' lang='lat' dir='ltr'><strong>secun-</strong></span> 
     </span>
     <span class='ocr_line' id='line_1_6' title="bbox 295 1161 1379 1250; baseline 0 -22"><span class='ocrx_word' id='word_1_30' title='bbox 295 1169 612 1228; x_wconf 57' lang='lat' dir='ltr'><strong>contemnentem</strong></span> <span class='ocrx_word' id='word_1_31' title='bbox 638 1167 785 1226; x_wconf 78' lang='lat' dir='ltr'><strong>sotionem</strong></span> <span class='ocrx_word' id='word_1_32' title='bbox 812 1168 1007 1250; x_wconf 82' lang='lat' dir='ltr'><strong>responderet</strong></span> <span class='ocrx_word' id='word_1_33' title='bbox 1034 1161 1199 1241; x_wconf 76' lang='grc' dir='ltr'><strong><em>διδδ-εσθα-</em></strong></span> <span class='ocrx_word' id='word_1_34' title='bbox 1218 1165 1379 1228; x_wconf 62' lang='lat' dir='ltr'><strong>edocete</strong></span> 
     </span>
     <span class='ocr_line' id='line_1_7' title="bbox 295 1253 1379 1350; baseline 0 -20"><span class='ocrx_word' id='word_1_35' title='bbox 295 1271 433 1330; x_wconf 76' lang='lat' dir='ltr'><strong>Ceterum</strong></span> <span class='ocrx_word' id='word_1_36' title='bbox 449 1269 609 1344; x_wconf 81' lang='lat' dir='ltr'><strong>Berghinm</strong></span> <span class='ocrx_word' id='word_1_37' title='bbox 630 1285 691 1328; x_wconf 90' lang='lat' dir='ltr'><strong>non</strong></span> <span class='ocrx_word' id='word_1_38' title='bbox 709 1270 836 1345; x_wconf 87' lang='lat' dir='ltr'><strong>probcrs</strong></span> <span class='ocrx_word' id='word_1_39' title='bbox 850 1253 970 1346; x_wconf 88' lang='lat' dir='ltr'><strong>possum</strong></span> <span class='ocrx_word' id='word_1_40' title='bbox 986 1270 1037 1350; x_wconf 86' lang='lat' dir='ltr'><strong>qui</strong></span> <span class='ocrx_word' id='word_1_41' title='bbox 1059 1270 1097 1328; x_wconf 84' lang='lat' dir='ltr'><strong>sd</strong></span> <span class='ocrx_word' id='word_1_42' title='bbox 1114 1272 1150 1330; x_wconf 88' lang='lat' dir='ltr'><strong>A.</strong></span> <span class='ocrx_word' id='word_1_43' title='bbox 1164 1271 1201 1330; x_wconf 80' lang='lat' dir='ltr'><strong>tr.</strong></span> <span class='ocrx_word' id='word_1_44' title='bbox 1219 1275 1247 1330; x_wconf 80' lang='grc' dir='ltr'><strong>δ.</strong></span> <span class='ocrx_word' id='word_1_45' title='bbox 1263 1287 1293 1348; x_wconf 89' lang='lat' dir='ltr'><strong>p.</strong></span> <span class='ocrx_word' id='word_1_46' title='bbox 1307 1275 1379 1330; x_wconf 80' lang='lat' dir='ltr'><strong>ecl.</strong></span> 
     </span>
     <span class='ocr_line' id='line_1_8' title="bbox 295 1371 1380 1447; baseline -0.001 -15"><span class='ocrx_word' id='word_1_47' title='bbox 295 1372 537 1432; x_wconf 76' lang='lat' dir='ltr'><strong>terminationem</strong></span> <span class='ocrx_word' id='word_1_48' title='bbox 554 1371 596 1430; x_wconf 85' lang='lat'><strong>11.</strong></span> <span class='ocrx_word' id='word_1_49' title='bbox 619 1389 696 1447; x_wconf 91' lang='lat' dir='ltr'><strong>pers.</strong></span> <span class='ocrx_word' id='word_1_50' title='bbox 719 1391 758 1431; x_wconf 86' lang='lat' dir='ltr'><strong>ex</strong></span> <span class='ocrx_word' id='word_1_51' title='bbox 781 1371 859 1428; x_wconf 84' lang='grc' dir='ltr'><strong>ΕΣΙ</strong></span> <span class='ocrx_word' id='word_1_52' title='bbox 881 1371 985 1432; x_wconf 82' lang='lat' dir='ltr'><strong>littero</strong></span> <span class='ocrx_word' id='word_1_53' title='bbox 1010 1372 1073 1432; x_wconf 65' lang='lat' dir='ltr'><strong>iota</strong></span> <span class='ocrx_word' id='word_1_54' title='bbox 1093 1387 1154 1431; x_wconf 90' lang='lat' dir='ltr'><strong>non</strong></span> <span class='ocrx_word' id='word_1_55' title='bbox 1176 1371 1302 1432; x_wconf 73' lang='lat' dir='ltr'><strong>traiectu</strong></span> <span class='ocrx_word' id='word_1_56' title='bbox 1328 1373 1380 1433; x_wconf 88' lang='lat' dir='ltr'><strong>sed</strong></span> 
     </span>
     <span class='ocr_line' id='line_1_9' title="bbox 294 1472 1380 1553; baseline -0.001 -19"><span class='ocrx_word' id='word_1_57' title='bbox 294 1475 413 1536; x_wconf 79' lang='lat' dir='ltr'><strong>obiecto</strong></span> <span class='ocrx_word' id='word_1_58' title='bbox 429 1494 483 1553; x_wconf 87' lang='lat' dir='ltr'><strong>per</strong></span> <span class='ocrx_word' id='word_1_59' title='bbox 497 1473 723 1552; x_wconf 88' lang='lat' dir='ltr'><strong>productionem</strong></span> <span class='ocrx_word' id='word_1_60' title='bbox 738 1472 949 1550; x_wconf 86' lang='lat' dir='ltr'><strong>suppletoriem</strong></span> <span class='ocrx_word' id='word_1_61' title='bbox 966 1494 1030 1534; x_wconf 89' lang='lat' dir='ltr'><strong>esse</strong></span> <span class='ocrx_word' id='word_1_62' title='bbox 1046 1478 1142 1534; x_wconf 74' lang='lat' dir='ltr'><strong>ortam</strong></span> <span class='ocrx_word' id='word_1_63' title='bbox 1159 1479 1190 1534; x_wconf 91' lang='lat' dir='ltr'><strong>st</strong></span> <span class='ocrx_word' id='word_1_64' title='bbox 1207 1473 1239 1533; x_wconf 90' lang='lat' dir='ltr'><strong>in</strong></span> <span class='ocrx_word' id='word_1_65' title='bbox 1254 1475 1380 1536; x_wconf 82' lang='lat' dir='ltr'><strong>Aeolide</strong></span> 
     </span>
     <span class='ocr_line' id='line_1_10' title="bbox 294 1571 1379 1656; baseline -0.001 -19"><span class='ocrx_word' id='word_1_66' title='bbox 294 1594 411 1656; x_wconf 87' lang='lat' dir='ltr'><strong>semper</strong></span> <span class='ocrx_word' id='word_1_67' title='bbox 432 1577 568 1656; x_wconf 79' lang='lat' dir='ltr'><strong>quemvis</strong></span> <span class='ocrx_word' id='word_1_68' title='bbox 585 1576 689 1654; x_wconf 83' lang='lat' dir='ltr'><strong>lyricis</strong></span> <span class='ocrx_word' id='word_1_69' title='bbox 705 1593 760 1644; x_wconf 81' lang='grc' dir='ltr'><strong>-εις</strong></span> <span class='ocrx_word' id='word_1_70' title='bbox 773 1593 834 1634; x_wconf 91' lang='lat' dir='ltr'><strong>non</strong></span> <span class='ocrx_word' id='word_1_71' title='bbox 850 1573 941 1652; x_wconf 82' lang='lat' dir='ltr'><strong>plene</strong></span> <span class='ocrx_word' id='word_1_72' title='bbox 956 1571 1129 1636; x_wconf 78' lang='lat' dir='ltr'><strong>chindioens</strong></span> <span class='ocrx_word' id='word_1_73' title='bbox 1145 1593 1183 1652; x_wconf 78' lang='grc' dir='ltr'><strong>ης</strong></span> <span class='ocrx_word' id='word_1_74' title='bbox 1197 1574 1290 1637; x_wconf 74' lang='lat' dir='ltr'><strong>tuisse</strong></span> <span class='ocrx_word' id='word_1_75' title='bbox 1308 1593 1379 1637; x_wconf 88' lang='lat' dir='ltr'><strong>con·</strong></span> 
     </span>
     <span class='ocr_line' id='line_1_11' title="bbox 294 1675 1380 1748; baseline 0.001 -10"><span class='ocrx_word' id='word_1_76' title='bbox 294 1679 392 1738; x_wconf 80' lang='lat' dir='ltr'><strong>tendit</strong></span> <span class='ocrx_word' id='word_1_77' title='bbox 422 1684 526 1738; x_wconf 80' lang='lat' dir='ltr'><strong>contro</strong></span> <span class='ocrx_word' id='word_1_78' title='bbox 555 1678 737 1738; x_wconf 86' lang='lat' dir='ltr'><strong>Ahrensinm</strong></span> <span class='ocrx_word' id='word_1_79' title='bbox 763 1683 935 1738; x_wconf 74' lang='lat' dir='ltr'><strong>constanter</strong></span> <span class='ocrx_word' id='word_1_80' title='bbox 964 1694 1007 1748; x_wconf 77' lang='grc' dir='ltr'><strong>εις</strong></span> <span class='ocrx_word' id='word_1_81' title='bbox 1036 1675 1252 1740; x_wconf 78' lang='lat' dir='ltr'><strong>defendentem.</strong></span> <span class='ocrx_word' id='word_1_82' title='bbox 1301 1681 1380 1739; x_wconf 78' lang='lat' dir='ltr'><strong>Nem</strong></span> 
     </span>
     <span class='ocr_line' id='line_1_12' title="bbox 293 1772 1379 1859; baseline 0 -18"><span class='ocrx_word' id='word_1_83' title='bbox 293 1781 372 1842; x_wconf 87' lang='lat' dir='ltr'><strong>sicut</strong></span> <span class='ocrx_word' id='word_1_84' title='bbox 392 1781 426 1839; x_wconf 92' lang='lat' dir='ltr'><strong>in</strong></span> <span class='ocrx_word' id='word_1_85' title='bbox 448 1777 544 1859; x_wconf 77' lang='grc' dir='ltr'><strong><em>γέλαις</em></strong></span> <span class='ocrx_word' id='word_1_86' title='bbox 565 1786 596 1839; x_wconf 88' lang='lat' dir='ltr'><strong>et</strong></span> <span class='ocrx_word' id='word_1_87' title='bbox 616 1772 738 1855; x_wconf 78' lang='grc' dir='ltr'><strong><em>χαύνοις</em></strong></span> <span class='ocrx_word' id='word_1_88' title='bbox 758 1779 821 1838; x_wconf 83' lang='lat' dir='ltr'><strong>ictu</strong></span> <span class='ocrx_word' id='word_1_89' title='bbox 842 1799 881 1840; x_wconf 80' lang='lat' dir='ltr'><strong>ex</strong></span> <span class='ocrx_word' id='word_1_90' title='bbox 902 1780 1058 1857; x_wconf 88' lang='lat' dir='ltr'><strong>epenthesi</strong></span> <span class='ocrx_word' id='word_1_91' title='bbox 1081 1786 1179 1840; x_wconf 88' lang='lat' dir='ltr'><strong>ortum</strong></span> <span class='ocrx_word' id='word_1_92' title='bbox 1198 1783 1260 1854; x_wconf 89' lang='lat' dir='ltr'><strong>est,</strong></span> <span class='ocrx_word' id='word_1_93' title='bbox 1282 1781 1326 1840; x_wconf 85' lang='lat' dir='ltr'><strong>its</strong></span> <span class='ocrx_word' id='word_1_94' title='bbox 1345 1782 1379 1841; x_wconf 86' lang='lat' dir='ltr'><strong>in</strong></span> 
     </span>
     <span class='ocr_line' id='line_1_13' title="bbox 293 1881 1380 1962; baseline 0.002 -20"><span class='ocrx_word' id='word_1_95' title='bbox 293 1883 389 1957; x_wconf 70' lang='lat' dir='ltr'><strong>pitter</strong></span> <span class='ocrx_word' id='word_1_96' title='bbox 410 1882 542 1958; x_wconf 80' lang='lat' dir='ltr'><strong>genuino</strong></span> <span class='ocrx_word' id='word_1_97' title='bbox 560 1881 764 1959; x_wconf 70' lang='lat' dir='ltr'><strong>diphthongus</strong></span> <span class='ocrx_word' id='word_1_98' title='bbox 779 1887 958 1955; x_wconf 75' lang='lat' dir='ltr'><strong>agnoscetur</strong></span> <span class='ocrx_word' id='word_1_99' title='bbox 979 1901 1099 1942; x_wconf 86' lang='lat' dir='ltr'><strong>necesse</strong></span> <span class='ocrx_word' id='word_1_100' title='bbox 1121 1889 1168 1944; x_wconf 90' lang='lat' dir='ltr'><strong>est</strong></span> <span class='ocrx_word' id='word_1_101' title='bbox 1189 1901 1305 1960; x_wconf 86' lang='lat' dir='ltr'><strong>semper</strong></span> <span class='ocrx_word' id='word_1_102' title='bbox 1325 1903 1380 1962; x_wconf 87' lang='lat' dir='ltr'><strong>per</strong></span> 
     </span>
     <span class='ocr_line' id='line_1_14' title="bbox 294 1980 1380 2063; baseline 0 -19"><span class='ocrx_word' id='word_1_103' title='bbox 294 1986 345 2044; x_wconf 84' lang='grc' dir='ltr'><strong>ΕΙ</strong></span> <span class='ocrx_word' id='word_1_104' title='bbox 362 1986 396 2043; x_wconf 90' lang='lat' dir='ltr'><strong>in</strong></span> <span class='ocrx_word' id='word_1_105' title='bbox 417 1985 541 2063; x_wconf 78' lang='lat' dir='ltr'><strong>antiquo</strong></span> <span class='ocrx_word' id='word_1_106' title='bbox 557 1983 716 2060; x_wconf 72' lang='lat' dir='ltr'><strong>alphabeto</strong></span> <span class='ocrx_word' id='word_1_107' title='bbox 738 1984 948 2059; x_wconf 61' lang='lat' dir='ltr'><strong>exprimerem</strong></span> <span class='ocrx_word' id='word_1_108' title='bbox 971 1985 1092 2044; x_wconf 78' lang='lat' dir='ltr'><strong>sanein</strong></span> <span class='ocrx_word' id='word_1_109' title='bbox 1106 1983 1264 2062; x_wconf 64' lang='lat' dir='ltr'><strong>participio</strong></span> <span class='ocrx_word' id='word_1_110' title='bbox 1282 1980 1380 2060; x_wconf 77' lang='grc' dir='ltr'><strong><em>μέδεις</em></strong></span> 
     </span>
     <span class='ocr_line' id='line_1_15' title="bbox 292 2085 1378 2167; baseline -0.002 -19"><span class='ocrx_word' id='word_1_111' title='bbox 292 2087 345 2148; x_wconf 92' lang='lat' dir='ltr'><strong>ubi</strong></span> <span class='ocrx_word' id='word_1_112' title='bbox 367 2086 523 2162; x_wconf 85' lang='lat' dir='ltr'><strong>productio</strong></span> <span class='ocrx_word' id='word_1_113' title='bbox 544 2085 658 2146; x_wconf 78' lang='lat' dir='ltr'><strong>vicarie</strong></span> <span class='ocrx_word' id='word_1_114' title='bbox 679 2089 725 2144; x_wconf 87' lang='lat' dir='ltr'><strong>est</strong></span> <span class='ocrx_word' id='word_1_115' title='bbox 746 2085 841 2144; x_wconf 89' lang='lat' dir='ltr'><strong>solum</strong></span> <span class='ocrx_word' id='word_1_116' title='bbox 863 2086 892 2142; x_wconf 86' lang='lat' dir='ltr'><em>E</em></span> <span class='ocrx_word' id='word_1_117' title='bbox 913 2086 1057 2165; x_wconf 87' lang='lat' dir='ltr'><strong>scriptum</strong></span> <span class='ocrx_word' id='word_1_118' title='bbox 1078 2087 1145 2161; x_wconf 81' lang='lat' dir='ltr'><strong>thit,</strong></span> <span class='ocrx_word' id='word_1_119' title='bbox 1160 2105 1259 2167; x_wconf 82' lang='lat' dir='ltr'><strong>-qusre</strong></span> <span class='ocrx_word' id='word_1_120' title='bbox 1280 2086 1302 2145; x_wconf 91' lang='lat' dir='ltr'><strong>ii</strong></span> <span class='ocrx_word' id='word_1_121' title='bbox 1325 2087 1378 2167; x_wconf 90' lang='lat' dir='ltr'><strong>qui</strong></span> 
     </span>
     <span class='ocr_line' id='line_1_16' title="bbox 294 2181 1380 2268; baseline 0 -20"><span class='ocrx_word' id='word_1_122' title='bbox 294 2190 453 2248; x_wconf 82' lang='lat' dir='ltr'><strong>secundem</strong></span> <span class='ocrx_word' id='word_1_123' title='bbox 475 2207 633 2264; x_wconf 78' lang='lat' dir='ltr'><strong>personum</strong></span> <span class='ocrx_word' id='word_1_124' title='bbox 661 2191 887 2246; x_wconf 79' lang='lat' dir='ltr'><strong>ssse&#39;stotuunt</strong></span> <span class='ocrx_word' id='word_1_125' title='bbox 913 2181 994 2258; x_wconf 82' lang='grc' dir='ltr'><strong>,,κοἰκ</strong></span> <span class='ocrx_word' id='word_1_126' title='bbox 1019 2189 1073 2264; x_wconf 80' lang='grc' dir='ltr'><strong>τῆς</strong></span> <span class='ocrx_word' id='word_1_127' title='bbox 1100 2191 1220 2268; x_wconf 80' lang='grc' dir='ltr'><strong><em>γραφῆς</em></strong></span> <span class='ocrx_word' id='word_1_128' title='bbox 1246 2185 1380 2268; x_wconf 71' lang='grc' dir='ltr'><strong>συνελέγ-</strong></span> 
     </span>
     <span class='ocr_line' id='line_1_17' title="bbox 294 2280 1380 2369; baseline 0.003 -21"><span class='ocrx_word' id='word_1_129' title='bbox 294 2307 391 2366; x_wconf 81' lang='grc' dir='ltr'><strong><em>χοντο,</em></strong></span> <span class='ocrx_word' id='word_1_130' title='bbox 414 2280 470 2348; x_wconf 79' lang='grc' dir='ltr'><strong>οδκ</strong></span> <span class='ocrx_word' id='word_1_131' title='bbox 492 2281 585 2365; x_wconf 68' lang='grc' dir='ltr'><strong><em>οὔσης</em></strong></span> <span class='ocrx_word' id='word_1_132' title='bbox 604 2283 675 2348; x_wconf 76' lang='grc' dir='ltr'><strong>ποτὲ</strong></span> <span class='ocrx_word' id='word_1_133' title='bbox 697 2281 747 2347; x_wconf 75' lang='grc' dir='ltr'><strong>διδ</strong></span> <span class='ocrx_word' id='word_1_134' title='bbox 768 2289 822 2348; x_wconf 81' lang='grc' dir='ltr'><strong>τοῦ</strong></span> <span class='ocrx_word' id='word_1_135' title='bbox 845 2293 860 2348; x_wconf 79' lang='grc' dir='ltr'>ἔ</span> <span class='ocrx_word' id='word_1_136' title='bbox 881 2281 957 2348; x_wconf 70' lang='lat' dir='ltr'><strong>cccci</strong></span> <span class='ocrx_word' id='word_1_137' title='bbox 978 2291 1039 2348; x_wconf 79' lang='grc' dir='ltr'><strong>πᾶν</strong></span> <span class='ocrx_word' id='word_1_138' title='bbox 1060 2283 1198 2367; x_wconf 75' lang='grc' dir='ltr'><strong><em>δεύτερον</em></strong></span> <span class='ocrx_word' id='word_1_139' title='bbox 1218 2283 1380 2369; x_wconf 70' lang='grc' dir='ltr'><strong>πρόςωπον</strong></span> 
     </span>
     <span class='ocr_line' id='line_1_18' title="bbox 294 2386 1378 2470; baseline 0.003 -21"><span class='ocrx_word' id='word_1_140' title='bbox 294 2386 365 2469; x_wconf 80' lang='grc' dir='ltr'><strong><em>παρ’</em></strong></span> <span class='ocrx_word' id='word_1_141' title='bbox 381 2388 559 2450; x_wconf 76' lang='grc' dir='ltr'><strong><em>Αδολεῦσιο“</em></strong></span> <span class='ocrx_word' id='word_1_142' title='bbox 575 2390 624 2469; x_wconf 86' lang='lat' dir='ltr'><strong>(cf.</strong></span> <span class='ocrx_word' id='word_1_143' title='bbox 639 2391 777 2468; x_wconf 86' lang='lat' dir='ltr'><strong>Apellen.</strong></span> <span class='ocrx_word' id='word_1_144' title='bbox 795 2408 842 2468; x_wconf 83' lang='lat' dir='ltr'><strong>ap.</strong></span> <span class='ocrx_word' id='word_1_145' title='bbox 857 2391 964 2466; x_wconf 80' lang='lat' dir='ltr'><strong>Bergk.</strong></span> <span class='ocrx_word' id='word_1_146' title='bbox 981 2412 1010 2469; x_wconf 90' lang='lat' dir='ltr'><strong>p.</strong></span> <span class='ocrx_word' id='word_1_147' title='bbox 1022 2397 1093 2452; x_wconf 78' lang='lat'><strong>930.</strong></span> <span class='ocrx_word' id='word_1_148' title='bbox 1115 2393 1190 2454; x_wconf 87' lang='lat' dir='ltr'><strong>Ahr.</strong></span> <span class='ocrx_word' id='word_1_149' title='bbox 1205 2395 1231 2452; x_wconf 90' lang='lat'><strong>1.</strong></span> <span class='ocrx_word' id='word_1_150' title='bbox 1247 2411 1277 2470; x_wconf 92' lang='lat' dir='ltr'><strong>p.</strong></span> <span class='ocrx_word' id='word_1_151' title='bbox 1293 2391 1378 2470; x_wconf 80' lang='lat'>142);</span> 
     </span>
     <span class='ocr_line' id='line_1_19' title="bbox 294 2491 1381 2570; baseline 0 -16"><span class='ocrx_word' id='word_1_152' title='bbox 294 2499 413 2556; x_wconf 67' lang='lat' dir='ltr'><strong>mumnt</strong></span> <span class='ocrx_word' id='word_1_153' title='bbox 432 2511 505 2556; x_wconf 80' lang='lat' dir='ltr'><strong>vero</strong></span> <span class='ocrx_word' id='word_1_154' title='bbox 534 2511 547 2550; x_wconf 83' lang='lat' dir='ltr'><strong>s</strong></span> <span class='ocrx_word' id='word_1_155' title='bbox 572 2494 605 2551; x_wconf 91' lang='lat' dir='ltr'><strong>in</strong></span> <span class='ocrx_word' id='word_1_156' title='bbox 627 2511 660 2552; x_wconf 85' lang='grc' dir='ltr'><strong>ει.</strong></span> <span class='ocrx_word' id='word_1_157' title='bbox 704 2491 761 2552; x_wconf 79' lang='lat' dir='ltr'><strong>Sed</strong></span> <span class='ocrx_word' id='word_1_158' title='bbox 784 2513 832 2552; x_wconf 87' lang='lat' dir='ltr'><strong>res</strong></span> <span class='ocrx_word' id='word_1_159' title='bbox 860 2495 1040 2570; x_wconf 75' lang='lat' dir='ltr'><strong>perobscura</strong></span> <span class='ocrx_word' id='word_1_160' title='bbox 1067 2498 1114 2553; x_wconf 92' lang='lat' dir='ltr'><strong>est</strong></span> <span class='ocrx_word' id='word_1_161' title='bbox 1140 2499 1171 2553; x_wconf 86' lang='lat' dir='ltr'><strong>et</strong></span> <span class='ocrx_word' id='word_1_162' title='bbox 1198 2493 1381 2556; x_wconf 76' lang='lat' dir='ltr'><strong>dubitationi</strong></span> 
     </span>
     <span class='ocr_line' id='line_1_20' title="bbox 293 2590 1378 2677; baseline 0 -20"><span class='ocrx_word' id='word_1_163' title='bbox 293 2597 379 2657; x_wconf 82' lang='lat' dir='ltr'><strong>valde</strong></span> <span class='ocrx_word' id='word_1_164' title='bbox 410 2590 540 2656; x_wconf 84' lang='lat' dir='ltr'><strong>obnoxie</strong></span> <span class='ocrx_word' id='word_1_165' title='bbox 561 2593 603 2671; x_wconf 80' lang='lat' dir='ltr'><strong>(v.</strong></span> <span class='ocrx_word' id='word_1_166' title='bbox 626 2596 706 2654; x_wconf 83' lang='lat' dir='ltr'><strong>Ourt.</strong></span> <span class='ocrx_word' id='word_1_167' title='bbox 730 2595 768 2652; x_wconf 89' lang='lat' dir='ltr'><strong>de</strong></span> <span class='ocrx_word' id='word_1_168' title='bbox 788 2596 861 2656; x_wconf 79' lang='lat' dir='ltr'><strong>verb</strong></span> <span class='ocrx_word' id='word_1_169' title='bbox 883 2615 913 2671; x_wconf 87' lang='lat' dir='ltr'><strong>p.</strong></span> <span class='ocrx_word' id='word_1_170' title='bbox 930 2593 1046 2676; x_wconf 70' lang='lat' dir='ltr'><strong>²⁰¹i2)·</strong></span> <span class='ocrx_word' id='word_1_171' title='bbox 1089 2599 1132 2656; x_wconf 92' lang='lat' dir='ltr'><strong>At</strong></span> <span class='ocrx_word' id='word_1_172' title='bbox 1153 2597 1220 2677; x_wconf 89' lang='lat' dir='ltr'><strong>quis</strong></span> <span class='ocrx_word' id='word_1_173' title='bbox 1248 2598 1378 2672; x_wconf 73' lang='lat' dir='ltr'><strong>negabit,</strong></span> 
     </span>
     <span class='ocr_line' id='line_1_21' title="bbox 293 2695 1377 2777; baseline 0.003 -20"><span class='ocrx_word' id='word_1_174' title='bbox 293 2717 361 2758; x_wconf 86' lang='lat' dir='ltr'><strong>oum</strong></span> <span class='ocrx_word' id='word_1_175' title='bbox 377 2697 506 2756; x_wconf 85' lang='lat' dir='ltr'><strong>secunde</strong></span> <span class='ocrx_word' id='word_1_176' title='bbox 521 2701 552 2754; x_wconf 90' lang='lat' dir='ltr'><strong>et</strong></span> <span class='ocrx_word' id='word_1_177' title='bbox 566 2695 657 2754; x_wconf 79' lang='lat' dir='ltr'><strong>tertis</strong></span> <span class='ocrx_word' id='word_1_178' title='bbox 670 2715 816 2771; x_wconf 82' lang='lat' dir='ltr'><strong>personne</strong></span> <span class='ocrx_word' id='word_1_179' title='bbox 830 2696 978 2756; x_wconf 76' lang='lat' dir='ltr'><strong>artissime</strong></span> <span class='ocrx_word' id='word_1_180' title='bbox 994 2704 1136 2771; x_wconf 66' lang='lat' dir='ltr'><strong>cognatae</strong></span> <span class='ocrx_word' id='word_1_181' title='bbox 1159 2699 1220 2758; x_wconf 88' lang='lat' dir='ltr'><strong>sint</strong></span> <span class='ocrx_word' id='word_1_182' title='bbox 1241 2699 1280 2777; x_wconf 81' lang='lat' dir='ltr'><strong>(v.</strong></span> <span class='ocrx_word' id='word_1_183' title='bbox 1297 2699 1377 2760; x_wconf 81' lang='lat' dir='ltr'><strong>Gies.</strong></span> 
     </span>
     <span class='ocr_line' id='line_1_22' title="bbox 291 2797 1377 2879; baseline 0.001 -20"><span class='ocrx_word' id='word_1_184' title='bbox 291 2821 321 2879; x_wconf 90' lang='lat' dir='ltr'><strong>p.</strong></span> <span class='ocrx_word' id='word_1_185' title='bbox 337 2797 458 2879; x_wconf 65' lang='grc'><strong>21415),</strong></span> <span class='ocrx_word' id='word_1_186' title='bbox 486 2798 568 2856; x_wconf 83' lang='lat' dir='ltr'><strong>illem</strong></span> <span class='ocrx_word' id='word_1_187' title='bbox 596 2815 635 2856; x_wconf 84' lang='lat' dir='ltr'><strong>ex</strong></span> <span class='ocrx_word' id='word_1_188' title='bbox 661 2797 750 2856; x_wconf 87' lang='lat' dir='ltr'><strong>huius</strong></span> <span class='ocrx_word' id='word_1_189' title='bbox 776 2799 915 2873; x_wconf 75' lang='lat' dir='ltr'><strong>anologio</strong></span> <span class='ocrx_word' id='word_1_190' title='bbox 941 2817 1028 2877; x_wconf 90' lang='lat' dir='ltr'><strong>posse</strong></span> <span class='ocrx_word' id='word_1_191' title='bbox 1056 2802 1269 2860; x_wconf 67' lang='lat' dir='ltr'><strong>conformatum</strong></span> <span class='ocrx_word' id='word_1_192' title='bbox 1293 2801 1377 2862; x_wconf 84' lang='lat' dir='ltr'><strong>esse?</strong></span> 
     </span>
     <span class='ocr_line' id='line_1_23' title="bbox 293 2899 1438 2992; baseline 0.001 -30"><span class='ocrx_word' id='word_1_193' title='bbox 293 2907 392 2982; x_wconf 83' lang='lat' dir='ltr'><strong>Atque</strong></span> <span class='ocrx_word' id='word_1_194' title='bbox 408 2899 554 2974; x_wconf 88' lang='lat' dir='ltr'><strong>Bergkius</strong></span> <span class='ocrx_word' id='word_1_195' title='bbox 577 2899 722 2959; x_wconf 87' lang='lat' dir='ltr'><strong>concessit</strong></span> <span class='ocrx_word' id='word_1_196' title='bbox 744 2919 908 2960; x_wconf 88' lang='lat' dir='ltr'><strong>sermonem</strong></span> <span class='ocrx_word' id='word_1_197' title='bbox 924 2901 1104 2962; x_wconf 78' lang='lat' dir='ltr'><strong>Graecorum</strong></span> <span class='ocrx_word' id='word_1_198' title='bbox 1124 2909 1240 2962; x_wconf 79' lang='lat' dir='ltr'><strong>erecte</strong></span> <span class='ocrx_word' id='word_1_199' title='bbox 1259 2903 1376 2963; x_wconf 81' lang='lat' dir='ltr'><strong>ratione</strong></span> <span class='ocrx_word' id='word_1_200' title='bbox 1430 2977 1438 2992; x_wconf 41' lang='grc' dir='ltr'><strong><em>Ι</em></strong></span> 
     </span>
     <span class='ocr_line' id='line_1_24' title="bbox 290 3002 1377 3080; baseline 0.002 -16"><span class='ocrx_word' id='word_1_201' title='bbox 290 3004 432 3064; x_wconf 74' lang='lat' dir='ltr'><strong>facillime</strong></span> <span class='ocrx_word' id='word_1_202' title='bbox 455 3003 618 3062; x_wconf 83' lang='lat' dir='ltr'><strong>desciscere</strong></span> <span class='ocrx_word' id='word_1_203' title='bbox 633 3002 775 3080; x_wconf 86' lang='lat' dir='ltr'><strong>potuisse.</strong></span> <span class='ocrx_word' id='word_1_204' title='bbox 817 3004 898 3078; x_wconf 81' lang='lat' dir='ltr'><strong>Ergo</strong></span> <span class='ocrx_word' id='word_1_205' title='bbox 915 3023 976 3064; x_wconf 89' lang='lat' dir='ltr'><strong>non</strong></span> <span class='ocrx_word' id='word_1_206' title='bbox 993 3005 1058 3065; x_wconf 84' lang='lat' dir='ltr'><strong>veri</strong></span> <span class='ocrx_word' id='word_1_207' title='bbox 1077 3005 1221 3065; x_wconf 88' lang='lat' dir='ltr'><strong>dissimile</strong></span> <span class='ocrx_word' id='word_1_208' title='bbox 1238 3010 1285 3065; x_wconf 87' lang='lat' dir='ltr'><strong>est</strong></span> <span class='ocrx_word' id='word_1_209' title='bbox 1298 3009 1377 3066; x_wconf 89' lang='lat' dir='ltr'><strong>Aeo-</strong></span> 
     </span>
     <span class='ocr_line' id='line_1_25' title="bbox 290 3103 1376 3185; baseline 0.002 -19"><span class='ocrx_word' id='word_1_210' title='bbox 290 3107 389 3168; x_wconf 89' lang='lat' dir='ltr'><strong>lenses</strong></span> <span class='ocrx_word' id='word_1_211' title='bbox 411 3103 551 3177; x_wconf 69' lang='lat' dir='ltr'><strong>mttcsooc</strong></span> <span class='ocrx_word' id='word_1_212' title='bbox 573 3125 627 3184; x_wconf 90' lang='lat' dir='ltr'><strong>pro</strong></span> <span class='ocrx_word' id='word_1_213' title='bbox 650 3104 786 3183; x_wconf 76' lang='grc' dir='ltr'><strong><em>φίλησθα</em></strong></span> <span class='ocrx_word' id='word_1_214' title='bbox 806 3112 930 3184; x_wconf 87' lang='lat' dir='ltr'><strong>prepter</strong></span> <span class='ocrx_word' id='word_1_215' title='bbox 948 3105 1043 3180; x_wconf 69' lang='grc' dir='ltr'><strong><em>φίλοις</em></strong></span> <span class='ocrx_word' id='word_1_216' title='bbox 1063 3103 1141 3181; x_wconf 72' lang='grc' dir='ltr'><strong><em>φίλει</em></strong></span> <span class='ocrx_word' id='word_1_217' title='bbox 1162 3107 1376 3185; x_wconf 78' lang='lat' dir='ltr'><strong>adsumpsissc;</strong></span> 
     </span>
     <span class='ocr_line' id='line_1_26' title="bbox 293 3206 1378 3288; baseline 0 -20"><span class='ocrx_word' id='word_1_218' title='bbox 293 3210 344 3269; x_wconf 89' lang='lat' dir='ltr'><strong>scd</strong></span> <span class='ocrx_word' id='word_1_219' title='bbox 373 3208 489 3268; x_wconf 75' lang='lat' dir='ltr'><strong>etiamsi</strong></span> <span class='ocrx_word' id='word_1_220' title='bbox 517 3206 652 3282; x_wconf 72' lang='grc' dir='ltr'><strong><em>φίλησθο</em></strong></span> <span class='ocrx_word' id='word_1_221' title='bbox 678 3229 739 3267; x_wconf 91' lang='lat' dir='ltr'><strong>non</strong></span> <span class='ocrx_word' id='word_1_222' title='bbox 763 3208 907 3286; x_wconf 85' lang='lat' dir='ltr'><strong>scriptum</strong></span> <span class='ocrx_word' id='word_1_223' title='bbox 934 3215 999 3268; x_wconf 84' lang='lat' dir='ltr'><strong>srot</strong></span> <span class='ocrx_word' id='word_1_224' title='bbox 1025 3229 1080 3288; x_wconf 86' lang='lat' dir='ltr'><strong>per</strong></span> <span class='ocrx_word' id='word_1_225' title='bbox 1106 3210 1185 3270; x_wconf 90' lang='lat' dir='ltr'><strong>idem</strong></span> <span class='ocrx_word' id='word_1_226' title='bbox 1209 3211 1328 3285; x_wconf 82' lang='lat' dir='ltr'><strong>siguum</strong></span> <span class='ocrx_word' id='word_1_227' title='bbox 1347 3211 1378 3268; x_wconf 80' lang='grc' dir='ltr'><strong>Ε</strong></span> 
     </span>
     <span class='ocr_line' id='line_1_27' title="bbox 291 3307 1375 3390; baseline 0.001 -19"><span class='ocrx_word' id='word_1_228' title='bbox 291 3318 383 3390; x_wconf 84' lang='lat' dir='ltr'><strong>utque</strong></span> <span class='ocrx_word' id='word_1_229' title='bbox 413 3307 539 3385; x_wconf 77' lang='grc' dir='ltr'><strong>δχεσθα,</strong></span> <span class='ocrx_word' id='word_1_230' title='bbox 571 3309 747 3369; x_wconf 72' lang='lat' dir='ltr'><strong>Theocritus</strong></span> <span class='ocrx_word' id='word_1_231' title='bbox 775 3311 874 3388; x_wconf 85' lang='lat' dir='ltr'><strong>potuit</strong></span> <span class='ocrx_word' id='word_1_232' title='bbox 903 3311 1064 3371; x_wconf 88' lang='lat' dir='ltr'><strong>secundum</strong></span> <span class='ocrx_word' id='word_1_233' title='bbox 1092 3309 1243 3387; x_wconf 78' lang='grc' dir='ltr'><strong><em>συιδησθο</em></strong></span> <span class='ocrx_word' id='word_1_234' title='bbox 1262 3319 1313 3387; x_wconf 78' lang='grc'><strong>30,</strong></span> <span class='ocrx_word' id='word_1_235' title='bbox 1337 3318 1375 3373; x_wconf 86' lang='grc'><strong>14</strong></span> 
     </span>
     <span class='ocr_line' id='line_1_28' title="bbox 292 3407 1377 3491; baseline 0.011 -27"><span class='ocrx_word' id='word_1_236' title='bbox 292 3410 620 3491; x_wconf 58' lang='grc' dir='ltr'><strong>(ετ1θησθσιφῆσθα</strong></span> <span class='ocrx_word' id='word_1_237' title='bbox 639 3410 677 3470; x_wconf 84' lang='grc' dir='ltr'><strong>Φ.</strong></span> <span class='ocrx_word' id='word_1_238' title='bbox 699 3416 768 3469; x_wconf 85' lang='grc'><strong>186.</strong></span> <span class='ocrx_word' id='word_1_239' title='bbox 791 3410 907 3489; x_wconf 81' lang='grc' dir='ltr'><strong>ξ.149)</strong></span> <span class='ocrx_word' id='word_1_240' title='bbox 927 3419 958 3471; x_wconf 84' lang='lat' dir='ltr'><strong>et</strong></span> <span class='ocrx_word' id='word_1_241' title='bbox 972 3407 1124 3490; x_wconf 68' lang='grc' dir='ltr'><strong>ἐθέλῃσθα</strong></span> <span class='ocrx_word' id='word_1_242' title='bbox 1140 3417 1191 3487; x_wconf 79' lang='lat'><strong>29,</strong></span> <span class='ocrx_word' id='word_1_243' title='bbox 1211 3420 1229 3472; x_wconf 82' lang='lat'>4</span> <span class='ocrx_word' id='word_1_244' title='bbox 1252 3421 1284 3475; x_wconf 81' lang='lat' dir='ltr'><strong>et</strong></span> <span class='ocrx_word' id='word_1_245' title='bbox 1297 3418 1377 3475; x_wconf 77' lang='grc' dir='ltr'><strong>ποθ·</strong></span> 
     </span>
     <span class='ocr_line' id='line_1_29' title="bbox 293 3507 1376 3593; baseline 0.003 -19"><span class='ocrx_word' id='word_1_246' title='bbox 293 3507 413 3592; x_wconf 78' lang='grc' dir='ltr'><strong><em>όρησθο</em></strong></span> <span class='ocrx_word' id='word_1_247' title='bbox 430 3517 459 3579; x_wconf 81' lang='grc'><strong>6,</strong></span> <span class='ocrx_word' id='word_1_248' title='bbox 477 3515 495 3568; x_wconf 87' lang='lat'>8</span> <span class='ocrx_word' id='word_1_249' title='bbox 517 3529 573 3586; x_wconf 87' lang='lat' dir='ltr'><strong>per</strong></span> <span class='ocrx_word' id='word_1_250' title='bbox 587 3511 786 3570; x_wconf 73' lang='lat' dir='ltr'><strong>imitationem</strong></span> <span class='ocrx_word' id='word_1_251' title='bbox 803 3514 974 3588; x_wconf 86' lang='lat' dir='ltr'><strong>procudere.</strong></span> <span class='ocrx_word' id='word_1_252' title='bbox 1017 3516 1153 3593; x_wconf 82' lang='lat' dir='ltr'><strong>Adparet</strong></span> <span class='ocrx_word' id='word_1_253' title='bbox 1168 3520 1267 3576; x_wconf 82' lang='lat' dir='ltr'><strong>eutem</strong></span> <span class='ocrx_word' id='word_1_254' title='bbox 1283 3518 1376 3577; x_wconf 84' lang='lat' dir='ltr'><strong>emhi·</strong></span> 
     </span>
     <span class='ocr_line' id='line_1_30' title="bbox 293 3611 1376 3699; baseline 0.006 -25"><span class='ocrx_word' id='word_1_255' title='bbox 293 3633 384 3699; x_wconf 75' lang='lat' dir='ltr'><strong>guum</strong></span> <span class='ocrx_word' id='word_1_256' title='bbox 405 3630 470 3672; x_wconf 87' lang='lat' dir='ltr'><strong>esse</strong></span> <span class='ocrx_word' id='word_1_257' title='bbox 488 3616 588 3670; x_wconf 85' lang='lat' dir='ltr'><strong>utrum</strong></span> <span class='ocrx_word' id='word_1_258' title='bbox 609 3631 670 3672; x_wconf 78' lang='lat' dir='ltr'><strong>vox</strong></span> <span class='ocrx_word' id='word_1_259' title='bbox 692 3611 833 3671; x_wconf 73' lang='grc' dir='ltr'><strong><em>δίδοισθα</em></strong></span> <span class='ocrx_word' id='word_1_260' title='bbox 854 3613 1022 3674; x_wconf 87' lang='lat' dir='ltr'><strong>Aeolismus</strong></span> <span class='ocrx_word' id='word_1_261' title='bbox 1043 3617 1175 3693; x_wconf 83' lang='lat' dir='ltr'><strong>putende</strong></span> <span class='ocrx_word' id='word_1_262' title='bbox 1197 3638 1235 3677; x_wconf 86' lang='lat' dir='ltr'><strong>sn</strong></span> <span class='ocrx_word' id='word_1_263' title='bbox 1256 3621 1376 3699; x_wconf 87' lang='lat' dir='ltr'><strong>inipso</strong></span> 
     </span>
     <span class='ocr_line' id='line_1_31' title="bbox 290 3712 1263 3792; baseline 0.004 -15"><span class='ocrx_word' id='word_1_264' title='bbox 290 3719 424 3787; x_wconf 87' lang='lat' dir='ltr'><strong>Ionismo</strong></span> <span class='ocrx_word' id='word_1_265' title='bbox 447 3736 485 3779; x_wconf 78' lang='lat' dir='ltr'><strong>ex</strong></span> <span class='ocrx_word' id='word_1_266' title='bbox 507 3713 644 3788; x_wconf 79' lang='lat' dir='ltr'><strong>enulogie</strong></span> <span class='ocrx_word' id='word_1_267' title='bbox 665 3714 828 3773; x_wconf 82' lang='lat' dir='ltr'><strong>formarum</strong></span> <span class='ocrx_word' id='word_1_268' title='bbox 849 3712 944 3784; x_wconf 79' lang='grc' dir='ltr'><strong><em>διδοῖς</em></strong></span> <span class='ocrx_word' id='word_1_269' title='bbox 964 3714 1048 3775; x_wconf 81' lang='grc' dir='ltr'><strong><em>διδοῖ</em></strong></span> <span class='ocrx_word' id='word_1_270' title='bbox 1066 3717 1194 3792; x_wconf 80' lang='lat' dir='ltr'><strong>figurate</strong></span> <span class='ocrx_word' id='word_1_271' title='bbox 1215 3721 1263 3782; x_wconf 84' lang='lat' dir='ltr'><strong>sit.</strong></span> 
     </span>
    </p>

    <p class='ocr_par' dir='ltr' id='par_1_4' title="bbox 289 3807 1378 4620">
     <span class='ocr_line' id='line_1_32' title="bbox 376 3807 1377 3891; baseline 0.004 -12"><span class='ocrx_word' id='word_1_272' title='bbox 376 3820 476 3879; x_wconf 79' lang='lat' dir='ltr'><strong>Etiam</strong></span> <span class='ocrx_word' id='word_1_273' title='bbox 505 3817 603 3887; x_wconf 83' lang='lat' dir='ltr'><strong>formu</strong></span> <span class='ocrx_word' id='word_1_274' title='bbox 633 3807 726 3876; x_wconf 71' lang='lat' dir='ltr'><strong>clodo</strong></span> <span class='ocrx_word' id='word_1_275' title='bbox 757 3816 956 3891; x_wconf 72' lang='lat' dir='ltr'><strong>grammaticis</strong></span> <span class='ocrx_word' id='word_1_276' title='bbox 983 3819 1107 3880; x_wconf 77' lang='lat' dir='ltr'><strong>Aeolica</strong></span> <span class='ocrx_word' id='word_1_277' title='bbox 1134 3820 1193 3880; x_wconf 82' lang='lat' dir='ltr'><strong>fuit</strong></span> <span class='ocrx_word' id='word_1_278' title='bbox 1222 3841 1284 3882; x_wconf 89' lang='lat' dir='ltr'><strong>non</strong></span> <span class='ocrx_word' id='word_1_279' title='bbox 1315 3827 1377 3883; x_wconf 86' lang='lat' dir='ltr'><strong>tum</strong></span> 
     </span>
     <span class='ocr_line' id='line_1_33' title="bbox 291 3909 1378 4002; baseline 0.001 -19"><span class='ocrx_word' id='word_1_280' title='bbox 291 3927 417 4002; x_wconf 89' lang='lat' dir='ltr'><strong>propter</strong></span> <span class='ocrx_word' id='word_1_281' title='bbox 436 3919 679 3981; x_wconf 73' lang='lat' dir='ltr'><strong>terminationem</strong></span> <span class='ocrx_word' id='word_1_282' title='bbox 701 3909 936 3998; x_wconf 69' lang='lat' dir='ltr'><strong>(=oi(d)·odct;</strong></span> <span class='ocrx_word' id='word_1_283' title='bbox 958 3921 1078 3982; x_wconf 74' lang='lat' dir='ltr'><strong>Curtius</strong></span> <span class='ocrx_word' id='word_1_284' title='bbox 1097 3923 1133 3984; x_wconf 89' lang='lat' dir='ltr'><strong>de</strong></span> <span class='ocrx_word' id='word_1_285' title='bbox 1150 3925 1234 3984; x_wconf 80' lang='lat' dir='ltr'><strong>verb.</strong></span> <span class='ocrx_word' id='word_1_286' title='bbox 1249 3944 1279 4001; x_wconf 87' lang='lat' dir='ltr'><strong>p.</strong></span> <span class='ocrx_word' id='word_1_287' title='bbox 1295 3929 1378 3985; x_wconf 81' lang='lat' dir='ltr'><strong>dLo</strong></span> 
     </span>
     <span class='ocr_line' id='line_1_34' title="bbox 291 4016 1378 4104; baseline -0.001 -19"><span class='ocrx_word' id='word_1_288' title='bbox 291 4026 380 4104; x_wconf 81' lang='lat' dir='ltr'><strong>stirpi</strong></span> <span class='ocrx_word' id='word_1_289' title='bbox 400 4022 547 4100; x_wconf 81' lang='lat' dir='ltr'><strong>vindicet)</strong></span> <span class='ocrx_word' id='word_1_290' title='bbox 576 4041 664 4102; x_wconf 80' lang='lat' dir='ltr'><strong>quem</strong></span> <span class='ocrx_word' id='word_1_291' title='bbox 692 4027 815 4100; x_wconf 85' lang='lat' dir='ltr'><strong>propter</strong></span> <span class='ocrx_word' id='word_1_292' title='bbox 838 4041 1004 4100; x_wconf 76' lang='lat' dir='ltr'><strong>syncopen:</strong></span> <span class='ocrx_word' id='word_1_293' title='bbox 1033 4017 1066 4083; x_wconf 78' lang='grc' dir='ltr'><strong>οδ</strong></span> <span class='ocrx_word' id='word_1_294' title='bbox 1094 4018 1151 4103; x_wconf 67' lang='grc' dir='ltr'><strong>γὰρ</strong></span> <span class='ocrx_word' id='word_1_295' title='bbox 1178 4016 1248 4084; x_wconf 76' lang='grc' dir='ltr'><strong><em>οἶδα</em></strong></span> <span class='ocrx_word' id='word_1_296' title='bbox 1276 4023 1378 4102; x_wconf 75' lang='grc' dir='ltr'><strong><em>οδδημι</em></strong></span> 
     </span>
     <span class='ocr_line' id='line_1_35' title="bbox 291 4114 1377 4202; baseline 0 -16"><span class='ocrx_word' id='word_1_297' title='bbox 291 4123 386 4202; x_wconf 74' lang='grc' dir='ltr'><strong><em>φασὶν</em></strong></span> <span class='ocrx_word' id='word_1_298' title='bbox 407 4123 439 4185; x_wconf 77' lang='grc' dir='ltr'><strong>οἱ</strong></span> <span class='ocrx_word' id='word_1_299' title='bbox 451 4123 580 4194; x_wconf 75' lang='grc' dir='ltr'><strong>Αἰολεῖς,</strong></span> <span class='ocrx_word' id='word_1_300' title='bbox 604 4114 666 4182; x_wconf 75' lang='grc' dir='ltr'><strong>εἶτα</strong></span> <span class='ocrx_word' id='word_1_301' title='bbox 686 4117 795 4182; x_wconf 75' lang='grc' dir='ltr'><strong><em>τούτου</em></strong></span> <span class='ocrx_word' id='word_1_302' title='bbox 815 4117 850 4184; x_wconf 79' lang='grc' dir='ltr'><strong>οδ</strong></span> <span class='ocrx_word' id='word_1_303' title='bbox 872 4118 1010 4201; x_wconf 77' lang='grc' dir='ltr'><strong>δεύτερον</strong></span> <span class='ocrx_word' id='word_1_304' title='bbox 1030 4122 1114 4202; x_wconf 74' lang='grc' dir='ltr'><strong><em>οδδης</em></strong></span> <span class='ocrx_word' id='word_1_305' title='bbox 1137 4123 1187 4186; x_wconf 77' lang='grc' dir='ltr'><strong>καὶ</strong></span> <span class='ocrx_word' id='word_1_306' title='bbox 1210 4118 1275 4186; x_wconf 78' lang='grc' dir='ltr'><strong>κατ’</strong></span> <span class='ocrx_word' id='word_1_307' title='bbox 1293 4121 1377 4187; x_wconf 61' lang='lat' dir='ltr'><strong>inice</strong></span> 
     </span>
     <span class='ocr_line' id='line_1_36' title="bbox 290 4219 1376 4307; baseline 0.001 -21"><span class='ocrx_word' id='word_1_308' title='bbox 290 4245 373 4289; x_wconf 80' lang='lat' dir='ltr'><strong>rcow</strong></span> <span class='ocrx_word' id='word_1_309' title='bbox 394 4230 449 4305; x_wconf 82' lang='grc' dir='ltr'><strong>τῆς</strong></span> <span class='ocrx_word' id='word_1_310' title='bbox 467 4232 528 4286; x_wconf 78' lang='grc' dir='ltr'><strong>-θο</strong></span> <span class='ocrx_word' id='word_1_311' title='bbox 548 4225 696 4304; x_wconf 77' lang='grc' dir='ltr'><strong><em>συλλαβῆς</em></strong></span> <span class='ocrx_word' id='word_1_312' title='bbox 716 4223 848 4302; x_wconf 75' lang='grc' dir='ltr'><strong><em>οδδησθσ</em></strong></span> <span class='ocrx_word' id='word_1_313' title='bbox 874 4222 925 4284; x_wconf 70' lang='grc' dir='ltr'><strong>καὶ</strong></span> <span class='ocrx_word' id='word_1_314' title='bbox 950 4219 1027 4285; x_wconf 76' lang='lat' dir='ltr'><strong>sosoi</strong></span> <span class='ocrx_word' id='word_1_315' title='bbox 1052 4221 1206 4307; x_wconf 75' lang='grc' dir='ltr'><strong><em>συγκοπήν</em></strong></span> <span class='ocrx_word' id='word_1_316' title='bbox 1233 4219 1327 4287; x_wconf 75' lang='grc' dir='ltr'><strong><em>οἶσθα</em></strong></span> <span class='ocrx_word' id='word_1_317' title='bbox 1347 4247 1376 4291; x_wconf 85' lang='lat' dir='ltr'><strong>v.</strong></span> 
     </span>
     <span class='ocr_line' id='line_1_37' title="bbox 292 4323 1377 4410; baseline -0.004 -22"><span class='ocrx_word' id='word_1_318' title='bbox 292 4330 404 4395; x_wconf 85' lang='lat' dir='ltr'><strong>Herod.</strong></span> <span class='ocrx_word' id='word_1_319' title='bbox 422 4353 454 4391; x_wconf 82' lang='grc' dir='ltr'><strong>π.</strong></span> <span class='ocrx_word' id='word_1_320' title='bbox 471 4329 530 4390; x_wconf 76' lang='grc' dir='ltr'><strong>τῶν</strong></span> <span class='ocrx_word' id='word_1_321' title='bbox 549 4327 590 4399; x_wconf 71' lang='grc' dir='ltr'><strong>εἰς</strong></span> <span class='ocrx_word' id='word_1_322' title='bbox 605 4350 638 4407; x_wconf 87' lang='grc' dir='ltr'><strong>μι</strong></span> <span class='ocrx_word' id='word_1_323' title='bbox 655 4330 696 4395; x_wconf 90' lang='grc' dir='ltr'><strong>ΙΙ.</strong></span> <span class='ocrx_word' id='word_1_324' title='bbox 719 4349 749 4408; x_wconf 87' lang='lat' dir='ltr'><strong>p.</strong></span> <span class='ocrx_word' id='word_1_325' title='bbox 769 4333 839 4401; x_wconf 82' lang='grc'><strong>836,</strong></span> <span class='ocrx_word' id='word_1_326' title='bbox 858 4332 905 4388; x_wconf 81' lang='lat' dir='ltr'><strong>le.</strong></span> <span class='ocrx_word' id='word_1_327' title='bbox 928 4347 960 4387; x_wconf 79' lang='lat' dir='ltr'><strong>rs.</strong></span> <span class='ocrx_word' id='word_1_328' title='bbox 984 4323 1088 4410; x_wconf 80' lang='grc' dir='ltr'><strong><em>μονὴρ.</em></strong></span> <span class='ocrx_word' id='word_1_329' title='bbox 1111 4327 1165 4403; x_wconf 63' lang='lat' dir='ltr'><strong>tce.</strong></span> <span class='ocrx_word' id='word_1_330' title='bbox 1187 4351 1216 4410; x_wconf 87' lang='lat' dir='ltr'><strong>p.</strong></span> <span class='ocrx_word' id='word_1_331' title='bbox 1233 4336 1303 4401; x_wconf 77' lang='lat'><strong>920,</strong></span> <span class='ocrx_word' id='word_1_332' title='bbox 1320 4333 1377 4399; x_wconf 77' lang='lat'><strong>28;</strong></span> 
     </span>
     <span class='ocr_line' id='line_1_38' title="bbox 292 4429 1376 4513; baseline -0.006 -19"><span class='ocrx_word' id='word_1_333' title='bbox 292 4432 331 4494; x_wconf 84' lang='lat' dir='ltr'><strong>cf.</strong></span> <span class='ocrx_word' id='word_1_334' title='bbox 349 4433 467 4496; x_wconf 78' lang='lat' dir='ltr'><strong>Lentzii</strong></span> <span class='ocrx_word' id='word_1_335' title='bbox 491 4433 559 4501; x_wconf 78' lang='lat' dir='ltr'><strong>edu.</strong></span> <span class='ocrx_word' id='word_1_336' title='bbox 582 4433 619 4496; x_wconf 81' lang='lat' dir='ltr'><strong>ed</strong></span> <span class='ocrx_word' id='word_1_337' title='bbox 637 4433 678 4494; x_wconf 88' lang='lat' dir='ltr'><strong>II.</strong></span> <span class='ocrx_word' id='word_1_338' title='bbox 701 4437 817 4513; x_wconf 71' lang='lat' dir='ltr'><strong>pecs,</strong></span> <span class='ocrx_word' id='word_1_339' title='bbox 836 4436 883 4496; x_wconf 86' lang='lat'><strong>19.</strong></span> <span class='ocrx_word' id='word_1_340' title='bbox 916 4432 990 4494; x_wconf 87' lang='lat' dir='ltr'><strong>Ahr.</strong></span> <span class='ocrx_word' id='word_1_341' title='bbox 1007 4433 1031 4492; x_wconf 90' lang='lat'><strong>1.</strong></span> <span class='ocrx_word' id='word_1_342' title='bbox 1053 4453 1082 4512; x_wconf 90' lang='lat' dir='ltr'><strong>p.</strong></span> <span class='ocrx_word' id='word_1_343' title='bbox 1104 4439 1172 4508; x_wconf 84' lang='grc'><strong>136,</strong></span> <span class='ocrx_word' id='word_1_344' title='bbox 1191 4439 1219 4492; x_wconf 90' lang='grc'><strong>4.</strong></span> <span class='ocrx_word' id='word_1_345' title='bbox 1249 4429 1376 4490; x_wconf 83' lang='lat' dir='ltr'><strong>Laroch.</strong></span> 
     </span>
     <span class='ocr_line' id='line_1_39' title="bbox 289 4539 406 4620; baseline 0.051 -28"><span class='ocrx_word' id='word_1_346' title='bbox 289 4550 319 4620; x_wconf 80' lang='lat' dir='ltr'><strong>p.</strong></span> <span class='ocrx_word' id='word_1_347' title='bbox 336 4539 406 4599; x_wconf 80' lang='lat'>332.</span> 
     </span>
    </p>
   </div>
   <div class='ocr_carea' id='block_1_4' title="bbox 0 256 1568 5254">
    <p class='ocr_par' dir='ltr' id='par_1_5' title="bbox 0 256 1568 5254">
     <span class='ocr_line' id='line_1_40' title="bbox 0 256 1568 5254; baseline 0 0"><span class='ocrx_word' id='word_1_348' title='bbox 0 256 1568 5254; x_wconf 95' lang='lat' dir='ltr'><strong> </strong></span> 
     </span>
    </p>
   </div>
  </div>
 </body>
</html>
